3126 5146
780 427 838 492 102

256 631 375 677 uereor
397 620 433 676 ιιι
454 612 487 676 in
509 611 618 698 priore
639 609 799 677 diuisione
810 602 999 676 Victorinirs
1020 610 1194 694 inuenerit,
1209 610 1358 676 namuix

259 722 421 807 quomodo
455 721 491 786 id
522 745 541 786 a
566 721 685 786 indicio
710 721 798 809 quod
827 721 868 786 ad
889 721 1023 786 alteram
1045 717 1357 808 spectatdlscetnas

258 839 388 920 praesto
412 831 507 916 cst¹)‚
531 831 657 896 etiamsi
668 830 1011 897 Diomedem‘seeutus
1029 829 1238 894 aesthetioam
1262 848 1356 914 quam

259 941 371 1006 dicunt
396 937 654 1006 aestimationem
677 941 908 1027 segregaueris
938 949 972 1004 et
1003 939 1087 1004 illu'd
1117 948 1242 1004 tantum
1275 937 1358 1002 indi-

259 1050 344 1116 cium
367 1050 553 1136 respexeris
576 1075 632 1130 quc
653 1071 764 1116 omnem
786 1059 946 1116 orationem
969 1061 1046 1116 recte
1074 1056 1123 1116 uel
1150 1058 1247 1116 minas
1272 1063 1359 1129 aaa

257 1171 334 1227 recte
350 1169 573 1240 pronuntiatam
593 1165 761 1240 specialiter
781 1165 946 1225 indicamus
967 1160 1012 1244 (p.
1025 1157 1184 1242 426,·29),’
1197 1158 1261 1223 hoc
1282 1177 1377 1244 quo«¹

261 1291 324 1354 que
345 1291 412 1334 non
433 1289 610 1356 puerorum
633 1289 704 1334 esse
727 1269 882 1334 fatebere.
903 1269 1019 1354 quibus
1043 1269 1192 1335 omnibus
1216 1269 1360 1334 conside-

260 1379 338 1445 ratis
360 1378 568 1443 Victorinum
596 1379 650 1443 nel
679 1399 791 1444 errore
823 1378 878 1444 uel
907 1379 1119 1466 neglegentia
1149 1397 1303 1468 peccasse
1328 1387 1361 1444 et

262 1488 325 1553 duo
347 1488 457 1575 priora
478 1497 602 1553 tantum
611 1487 795 1554 Varronem
817 1490 965 1576 posuisse
987 1511 1180 1576 persuasum
1198 1489 1277 1554 mihi
1300 1498 1359 1556 est.

261 1597 333 1684 quis
351 1616 431 1662 uero
447 1597 588 1684 primum
601 1598 697 1663 huius
719 1599 1001 1686 grammatisticao,
1028 1621 1124 1686 quam
1142 1599 1231 1664 uitae
1245 1611 1322 1664 utus
1343 1623 1361 1662 a
1383 1651 1385 1656 .

261 1707 472 1795 grammatica
495 1705 699 1792 distinxerat,
721 1707 834 1780 officia,
855 1707 930 1773 daia
949 1729 1048 1798 opera
1068 1707 1361 1796 circumscripserit

263 1817 432 1906 quaerenti
453 1817 534 1882 certi
566 1815 644 1903 quid
667 1819 866 1906 respondere
887 1819 956 1884 'tibi
985 1843 1051 1912 non
1080 1819 1177 1902 lieet3
1214 1799 1362 1905 suspicor

262 1947 342 1991 uero
364 1926 599 2013 Asclepiadem
620 1925 866 2012 Myrleanum²)
885 1929 948 1994 hoc
971 1929 1099 1994 fecisse.
1124 1948 1230 2014 neque
1255 1942 1360 2012 aquo

264 2033 367 2100 altera
387 2034 504 2100 diuisio
528 2035 675 2124 profecta
694 2037 735 2102 sit
757 2036 822 2102 dici
847 2047 965 2127 potest.
988 2059 1091 2127 prope
1117 2037 1248 2125 quidem
1270 2057 1360 2104 aece-

272 2203 461 2212 ..——---.-

367 2301 394 2372 1)
413 2301 474 2358 Nisi
496 2305 617 2376 probare
639 2324 690 2374 pro
719 2307 818 2374 δηλοῦν
836 2306 1027 2376 accipiendum
1048 2324 1107 2363 esse
1127 2306 1241 2372 etduas
1260 2303 1364 2361 officio·

263 2417 327 2454 rum
347 2401 567 2457 enumerationes
586 2403 626 2457 ita
644 2403 702 2458 fere
714 2407 753 2480 ut
769 2404 799 2458 in
820 2403 931 2476 scholiis
949 2405 985 2460 ad
1001 2404 1081 2459 Dion.
1095 2404 1160 2458 Thr.
1178 2424 1203 2474 p.
1215 2402 1303 2471 659,1
1322 2401 1363 2456 in·

264 2500 309 2551 ter
327 2513 356 2550 se
375 2495 537 2551 coniunctas
554 2497 638 2552 fuisse
656 2504 748 2568 putas.
788 2493 791 2500 ’

364 2591 394 2662 2)
412 2591 457 2647 Ex
478 2593 557 2650 Sexti
577 2576 714 2666 Empirici
734 2596 796 2650 adu.
817 2609 933 2667 gramm.
950 2591 999 2650 47:
1024 2589 1095 2668 τάχα
1121 2589 1153 2650 tii
1174 2591 1317 2667 ὦς’φασιν
1337 2593 1364 2646 οι

267 2691 331 2761 περὶ
349 2686 399 2745 τὸν
411 2683 616 2758 Ἀσκληπιάδην,
637 2696 682 2744 καὶ
699 2686 765 2758 αὐτὴ
786 2687 842 2747 ἀπὸ
859 2693 915 2765 μὲν
931 2682 1106 2765 γραμμάτων
1123 2684 1292 2763 ὠνόμασται,
1313 2685 1364 2744 οὐκ

266 2783 322 2840 ἀπὸ
339 2780 441 2842 τούτων
461 2786 493 2840 δὲ
512 2783 563 2859 ἀφ’
575 2772 614 2842 ὧν
631 2792 676 2840 καὶ
696 2785 712 2856 ἡ
730 2783 962 2860 γραμματιστική,
984 2785 1039 2842 ἀλλ’
1052 2790 1141 2854 ἐκείνη
1162 2787 1218 2860 μὲν
1235 2781 1293 2841 ἀπὸ
1310 2787 1366 2842 τῶν

267 2886 418 2954 στοιχείων,
436 2877 502 2948 airu
521 2881 552 2935 di
570 2879 626 2936 ἀπὸ
645 2884 700 2939 τῶν
717 2876 943 2956 συγγραμμάτων
961 2886 1024 2953 περὶ
1042 2877 1082 2941 οἷς
1100 2887 1223 2940 nutritas
1240 2880 1366 2950 sequitur

265 2977 441 3049 Asclepiadis
462 2976 606 3048 discipulis
633 2980 698 3048 (qna
724 2980 856 3050 loquendi
884 2979 1003 3034 formula
1030 2979 1192 3048 plerumque
1217 2978 1287 3034 nihil
1312 2977 1367 3032 nisi

266 3075 459 3146 praeceptoris
473 3074 612 3128 sententia
621 3074 809 3148 intellegenda
820 3078 873 3144 est)
889 3075 961 3130 hanc
975 3074 1154 3146 partitionem
1166 3078 1261 3149 notam
1271 3073 1365 3128 fuisse.

266 3171 461 3241 Asclepiadem
485 3170 564 3223 illum
590 3185 650 3224 esse
668 3172 840 3240 Myrlcanum
865 3173 979 3246 negauit
997 3172 1085 3226 Lehrs
1104 3173 1122 3224 1.
1133 3172 1151 3226 l.
1169 3190 1197 3240 p.
1208 3169 1270 3238 436,
1302 3169 1366 3240 quia

267 3265 393 3334 Dionysii
403 3269 500 3331 artem,
517 3282 598 3334 quam
610 3266 805 3337 Asclepiadem
817 3272 944 3322 nostrum
953 3269 1053 3339 legisse
1064 3269 1176 3330 constat
1187 3260 1272 3334 (Sext.
1284 3265 1365 3335 Emp.

266 3362 287 3417 l.
299 3380 320 3417 s.
337 3360 391 3428 72),
411 3365 476 3431 post
494 3353 630 3430 Myrleani
648 3367 775 3433 tempora
796 3363 982 3433 conscriptam
1001 3381 1061 3418 esse
1080 3356 1205 3433 putabat.
1234 3362 1307 3417 hanc
1326 3357 1367 3416 o'f-

267 3456 421 3513 fensionem
439 3475 502 3512 curu
522 3463 581 3512 sust
569 3458 667 3513 tulerit
684 3459 721 3512 M.
742 3459 897 3514 Schmidt
889 3473 918 3514 nr
924 3461 1099 3514 conmentat
1070 3459 1164 3514 aione
1190 3459 1300 3530 saepius
1321 3455 1367 3512 ad-

266 3557 325 3610 lata
344 3554 432 3622 (cuius
455 3555 489 3609 cl
508 3573 535 3624 p.
549 3545 614 3624 510)
633 3556 703 3609 nihil
722 3558 785 3611 obst
773 3561 825 3623 t‚at
847 3549 992 3626 quominus
1011 3561 1076 3610 nost
1077 3573 1138 3610 rum
1156 3570 1208 3626 pro
1224 3555 1366 3625 Myrleano
1446 3625 1450 3632 1

267 3651 447 3721 accipiamus
465 3651 519 3706 fuit
538 3652 584 3706 hic
605 3653 722 3708 Oratelis
744 3653 896 3722 discipulus
927 3653 972 3718 (ct
993 3652 1020 3706 G
1037 3652 1233 3708 Wachsmuth
1238 3653 1273 3709 de
1293 3652 1365 3720 Crat

268 3747 345 3802 Mall.
364 3765 391 3816 p.
402 3747 437 3815 6),
463 3747 588 3816 Oratetei
606 3750 766 3818 artemqui
787 3749 873 3804 crisin
890 3767 906 3804 a
924 3749 1107 3820 grammatica
1125 3753 1266 3822 tamquam
1282 3749 1367 3820 maio.-

268 3860 328 3898 rem
338 3843 496 3898 discernere
509 3845 644 3909 solebant,
664 3845 745 3900 facile
759 3863 867 3920 quoque
879 3846 997 3915 gradum
1009 3837 1135 3912 alterum,
1153 3847 1292 3920 bonprum
1307 3843 1368 3898 ludi

267 3939 468 4010 magistrorum
478 3958 588 4008 munus,
608 3923 753 4012 seiungere
761 3921 922 4012 potuerunt.
941 3941 1286 4012 optimeautemconuenit
1298 3946 1368 3995 tem·

268 4054 368 4107 porum
378 4037 458 4090 ratio.
478 4036 674 4112 Asclepiadem
689 4039 861 4107 Myrleanum
875 4039 974 4109 ‘primo
987 4039 1201 4094 antechristum
1217 4057 1244 4092 n.
1257 4037 1367 4092 saeculo
1435 4083 1437 4086 .

268 4134 310 4186 ita
326 4137 359 4186 ιιι
376 4136 453 4188 certe
466 4137 515 4186 nat
504 4134 634 4188 itales
586 4149 621 4187 au
622 4139 763 4188 teannum
775 4145 823 4205 sep
825 4137 1010 4206 tnagesimnm
1020 4135 1142 4206 ponendi
1156 4133 1222 4188 sint’
1240 4125 1368 4188 floruisse

269 4229 493 4284 ostenditLehrs
510 4229 560 4284 l.s.
579 4230 669 4300 p.432
691 4232 725 4286 cl
738 4232 775 4286 Μ.
787 4232 967 4302 Sengebusch
980 4232 1049 4287 diss
1068 4233 1148 4287 Hom
1160 4232 1213 4302 lp
1228 4231 1271 4298 61,
1291 4233 1368 4286 aetas

268 4323 356 4396 131ιιιι
375 4323 433 4378 eins
451 4323 526 4379 inter
544 4322 670 4394 Dionysii
688 4324 849 4382 Thracisce
867 4325 1001 4382 Varronis
1022 4331 1149 4397 ternpore
1169 4319 1327 4382 intercedit
