3126 5146
731 477 789 536 108

210 651 259 718 dit
277 651 320 718 sd
342 653 425 736 earn,
445 655 545 738 quam'
562 647 744 734 Dionysius
766 649 866 716 hebet
890 649 936 737 (p.
949 647 1011 714 629
1030 648 1137 716 Bekk.
1162 647 1202 714 cf·
1217 648 1309 718 Sext.

211 762 305 852 llmp.
325 760 399 828 edu.
423 781 562 846 gramm.
589 757 684 845 diffie
719 759 844 836 πρῶτον
869 755 1045 852 ἀνάγνωσις
1063 753 1208 838 ἐντριβὴς
1230 756 1311 820 κατὰ

211 869 400 954 ιιροςιρὸιάν,
424 868 570 951 δεύτερον
595 867 741 952 ἐξήγησις
762 864 842 932 nutri
864 866 934 940 τοὺς
955 865 1193 947 ἒνυιιδρχονιας
1223 887 1311 950 ποιη-

209 977 313 1053 τικοὺς
332 979 480 1062 τρόποις,
501 977 607 1062 τρίτον
628 979 838 1061 γλωοσῶνσο
867 999 918 1040 και
951 972 1101 1056 ἱστοριῶν
1139 971 1311 1055 πρόχειρος

211 1085 372 1164 ἀπόδοσις,
399 1087 549 1171 τέταρτον
576 1086 783 1170 ἐτυμολογίας
805 1082 941 1171 εὕρεσις,
973 1084 1113 1164 αέμαιον
1139 1079 1310 1165 ἀναλογίας

208 1195 405 1282 tredemunde,
440 1198 530 1263 ἕκτον
552 1196 656 1281 κρίσις
697 1194 897 1278 ποιημάτων·
935 1190 953 1257 t
986 1190 1025 1273 δὴ
1054 1190 1310 1256 κάλλιστόνέστι

209 1306 406 1372 adsumseris
422 1307 455 1370 dr
471 1308 511 1390 τῇ
520 1306 624 1388 τέχνῃ.
647 1328 707 1395 pro
730 1325 793 1391 qua
811 1303 934 1370 deinde
948 1303 972 1391 ¹)
993 1303 1078 1368 hanc
1098 1302 1248 1370 ualuisse
1264 1309 1309 1368 te
1329 1382 1332 1388 .

208 1423 311 1481 statur
332 1415 506 1498 scholiasta
527 1437 559 1503 p.
572 1415 643 1498 736,
660 1415 697 1480 ὃς
720 1409 755 1476 sd
779 1415 878 1476 αδλαι
897 1413 981 1494 μέρη
1001 1413 1057 1494 τῆς
1080 1409 1311 1494 γραμματικῆς

208 1515 247 1604 ἦν
268 1520 409 1605 τέσσαρα
430 1523 486 1587 καί
509 1522 573 1586 sici
595 1524 716 1588 ταῦτα·
749 1518 959 1602 διορθωτικὸν
983 1517 1223 1605 ιίναγνοιστικόν
1242 1519 1310 1602 ἒξή·
1386 1553 1388 1562 ·

208 1628 335 1714 γριιιιόν
357 1633 505 1715 κριτικόν.
548 1635 631 1700 hene
652 1634 754 1720 igitur
776 1633 883 1700 Varro
905 1641 1032 1700 secutus
1057 1640 1105 1697 est
1129 1639 1161 1696 et
1180 1630 1310 1717 singula

209 1764 272 1830 quc
281 1743 355 1807 ‘iore
367 1741 465 1809 modo
477 1741 641 1810 definierit
653 1742 853 1826 eDi'cmede,
862 1741 920 1826 'qui
931 1741 994 1808 hoo
1005 1741 1226 1826 fragmentum
1239 1738 1308 1822 (93)

208 1849 357 1916 seruauit
375 1850 617 1936 conligendum,
637 1873 713 1916 nam
726 1872 793 1914 non
808 1848 905 1915 modo
920 1849 1022 1937 ipsius
1033 1847 1193 1914 Varronis
1208 1847 1310 1914 uerbo

209 1958 346 2023 mumuit
369 1968 402 2024 et
424 1961 502 2026 satis
523 1960 743 2046 neglegenter
765 1979 835 2024 rem
853 1957 931 2044 ogit,
952 1979 1068 2022 uerum
1083 1954 1308 2023 etinmdesuo

208 2068 295 2134 hsud
319 2091 423 2158 panca
444 2070 580 2136 eddidit.
617 2068 853 2158 explicationes
874 2068 962 2134 enim
983 2067 1129 2134 omnium
1158 2073 1310 2154 quattuor

209 2177 390 2245 ciliciorum
411 2195 430 2242 e
450 2177 577 2244 duobus
599 2176 755 2242 membris
778 2183 938 2260 constant,
960 2197 1098 2262 quorum
1122 2173 1233 2263 priora
1255 2182 1310 2238 aut

208 2287 315 2373 ipsum
336 2286 542 2373 excogitasse
563 2292 618 2351 aut
640 2284 756 2350 exalio
769 2282 1144 2372 scriptoresedminimc
1160 2282 1310 2348 Varrone

209 2395 368 2462 adiecisse
391 2418 457 2462 non
481 2395 616 2462 dubium
637 2404 696 2460 est.
721 2393 757 2460 id
780 2393 867 2481 quod
889 2392 997 2458 statim
1018 2393 1053 2458 in
1070 2394 1175 2482 primo
1201 2391 1309 2458 officio

209 2502 423 2590 conspicuum
445 2513 504 2568 est.
527 2501 605 2568 dicit
628 2501 732 2568 enirn:
756 2501 862 2568 ‘lectio
886 2510 935 2566 est
955 2500 1135 2568 artificialis
1148 2500 1308 2587 interprc·
1360 2513 1362 2518 '
1449 2553 1453 2570 2

312 2751 338 2819 1)
357 2749 436 2806 Idem
454 2749 603 2807 scholiasta
621 2767 648 2821 p.
661 2747 789 2817 tezen
808 2746 858 2805 dciv
875 2741 925 2804 οὖν
942 2747 973 2805 τὸ
993 2743 1078 2804 πάλαι
1097 2753 1224 2822 τέσσαρα
1242 2753 1314 2823 μέρη

207 2839 305 2915 desire
322 2849 525 2920 γραμματικῆς,
551 2844 611 2908 πῶς
635 2849 685 2902 νῦν
702 2847 731 2908 ἓξ
748 2837 815 2900 circi
832 2863 920 2920 φησιν
940 2845 956 2901 ὁ
982 2840 1128 2906 Διονύσιος
1135 2870 1144 2914 ,·
1177 2843 1208 2900 τὸ
1233 2845 1264 2901 ἓν
1287 2847 1316 2908 ἐξ

209 2939 299 3000 ἀὐτῶν
317 2937 425 3016 ἐτμήθη
447 2947 486 3006 εἰς
502 2945 627 3015 ιρίαίιαὶ
644 2940 677 2998 τὰ
697 2943 754 3016 μὲν
776 2936 843 2998 ἄλλα
861 2949 922 3014 τρία
940 2939 1090 3014 γεγόνασιν
1109 2943 1146 3004 ἓξ.
1181 2940 1315 2998 τὸίιοῖον

209 3035 316 3113 ἐτμήθη
335 3045 374 3102 εἰς
392 3047 467 3113 sulm
484 3039 516 3096 td
537 3035 724 3112 διορθοιιαιόν.
761 3040 795 3095 ef.
814 3059 841 3110 p.
852 3040 913 3095 659.
928 3039 988 3094 671.
1006 3035 1139 3094 688.728.
1170 3038 1206 3093 Ε,
1226 3039 1315 3094 Meicr

209 3155 302 3208 opusc.
324 3137 352 3192 II
369 3155 397 3208 p.
408 3139 443 3195 21
456 3157 494 3208 sq.
520 3138 570 3193 scd
589 3137 734 3194 euidenter
753 3137 858 3193 errauit
876 3137 923 3208 qui
940 3138 1009 3194 haec
1025 3135 1150 3208 scripsit.
1171 3135 1314 3190 extribus

208 3235 336 3308 pertibus
365 3235 447 3302 enim,
477 3253 544 3306 quas
570 3236 599 3290 in
626 3233 797 3306 διορθωτικῷ
823 3235 993 3312 coniunctas*
1013 3251 1073 3288 esse
1106 3231 1195 3299 dicit,
1223 3231 1315 3303 prima

197 3333 356 3404 ’(γλιοσσοῖν
375 3336 422 3385 καὶ
439 3333 566 3404 ἱστοριῶν
584 3325 728 3400 ἀπόδοσις)
751 3332 863 3388 omnino
887 3350 943 3386 non
969 3332 1005 3385 ad
1029 3325 1181 3403 διόρθωσιν
1211 3328 1260 3384 sed
1278 3329 1314 3382 ad

209 3423 336 3498 ἐξήγησιν
353 3429 448 3498 paullo
467 3429 530 3499 plus
549 3446 631 3497 quem
649 3428 722 3498 apud
741 3428 903 3498 Dionysium
922 3427 1119 3498 amplificatam
1142 3427 1266 3497 pertinet
1285 3430 1315 3479 et

210 3522 339 3580 similiter
357 3525 481 3594 reliquae
500 3525 579 3591 duee,
600 3514 744 3594 analogice
757 3529 785 3579 et
796 3524 978 3594 etymologiae
989 3525 1123 3590 inuentic,
1143 3538 1314 3592 quamquem

209 3619 261 3674 hae
270 3619 436 3690 praesertim
446 3620 574 3689 analogia
582 3635 639 3672 non
649 3634 713 3673 raro
724 3618 925 3673 emendationis
941 3619 1027 3672 duces
1046 3622 1143 3686 erent;
1163 3616 1312 3685 Dionysius

209 3731 277 3770 nero
295 3710 330 3770 de¹
352 3731 447 3770 aarum
465 3716 495 3770 in
512 3709 662 3786 διορθώσει
680 3733 733 3769 usu
751 3715 823 3796 nihil
838 3713 985 3784 significat.
1010 3732 1108 3769 uerum
1127 3715 1222 3784 potius
1240 3713 1309 3768 haec

209 3813 299 3872 stura
321 3812 426 3875 ‚diuino
450 3829 484 3868 es
509 3811 678 3882 Dionysiana
704 3815 768 3866 orte
794 3816 838 3866 est
865 3811 911 3882 (cf.
942 3812 976 3864 H.
995 3811 1135 3869 steinthol
1164 3811 1257 3880 gesch.
1274 3810 1309 3866 d

211 3909 345 3980 sprachw.
365 3927 392 3978 p.¹
406 3908 481 3976 547),
505 3907 555 3962 sed
579 3925 693 3978 prorsus
720 3908 774 3962 elic
800 3912 917 3978 spectat.
953 3908 1102 3977 Dionysius
1120 3907 1195 3961 enim
1212 3907 1242 3960 in
1262 3924 1312 3962 suc
1406 3895 1407 3900 ¹

211 4005 350 4060 diuisione
368 4022 416 4058 sex
435 4004 546 4059 omnino
564 4009 660 4075 partes
679 4005 843 4077 praecipuas
861 4005 1058 4080 grammaticae
1078 4021 1148 4073 quae
1169 4008 1237 4058 tunc
1253 4009 1315 4059 erat

208 4101 423 4172 conprehendit,
442 4101 532 4155 alters
550 4105 646 4156 tamen
664 4101 701 4156 sd
717 4102 889 4170 praeclarum
908 4106 1017 4156 tantum
1033 4100 1200 4156 industriam
1218 4100 1314 4155 docto·

209 4213 273 4253 rum
292 4198 417 4252 uirorum
434 4198 567 4268 pertinet,
589 4213 666 4267 quae*
679 4197 707 4250 in
721 4197 847 4268 legendis
864 4198 1043 4252 recensendis
1055 4197 1238 4252 aestimandis
1249 4215 1314 4266 poe-

210 4295 304 4349 tarum
321 4294 649 4365 scriptorumque-libris
667 4296 841 4361 nertehotur,
866 4299 895 4348 et
918 4294 1030 4363 egregie
1057 4307 1192 4346 summam
1219 4311 1313 4349 rerum

212 4391 407 4463 conplectitur.
1228 4395 1230 4400 ’
1292 4405 1294 4410 ’
