3152 5142
694 475 736 536 2⁷

163 655 300 725 vn121
325 655 462 744 p.406):
481 655 636 724 uoluntas
658 653 826 722 homiuum
849 677 933 742 quae
954 663 1008 721 est·
1026 652 1181 746 inpositio
1202 669 1261 722 no-

163 767 362 851 cabulorum,
391 777 506 834 natura
537 775 695 853 quaeest
726 765 900 834 declinatio
932 766 1167 832 uocabulorum
1196 786 1260 856 qno

163 876 346 943 decurritur
369 876 439 943 sine
462 877 621 959 doctrina,
650 875 829 942 uoluntatis
852 885 885 942 et
907 885 1042 942 naturae
1064 875 1260 944 coniunctio.

162 985 393 1075 inpositionem
423 987 458 1072 in
487 985 539 1052 his
567 985 661 1052 libris
693 1007 761 1052 non
790 985 976 1072 neglectam
1006 1005 1079 1052 esse
1104 986 1160 1052 uel
1185 984 1263 1050 inde

164 1096 336 1180 cuincitnr,
363 1096 452 1186 quod
478 1097 664 1183 analogiam
697 1115 778 1182 quae
806 1096 841 1161 in
871 1096 1073 1183 etymologia
1099 1096 1199 1180 ualet,
1227 1095 1263 1162 in

162 1205 255 1272 libnis
275 1205 506 1292 etymologicis
527 1227 569 1271 ue
590 1207 694 1271 uerbo
717 1204 849 1291 quidem
871 1205 980 1291 tetigit
1002 1214 1035 1270 et
1054 1203 1141 1290 quod
1163 1203 1263 1292 sonip-

164 1325 215 1380 tor
244 1314 315 1404 ipse
343 1314 397 1380 ‘de
427 1314 596 1400 utriusque
627 1315 760 1402 generis
787 1313 1066 1381 declinationibus¹
1102 1313 1208 1400 (VIII
1221 1313 1264 1379 24

162 1447 195 1512 p.
207 1423 283 1504 408)
303 1431 409 1489 actum
432 1422 472 1488 iri
495 1423 680 1511 pollicetur.
702 1423 760 1490 sed
786 1444 860 1489 eum
881 1424 943 1490 hac
966 1422 1126 1489 diuisione
1150 1422 1186 1488 in
1213 1447 1262 1488 ar·

163 1529 329 1620 gementis
349 1531 519 1616 librorum,
549 1542 586 1599 ut
606 1533 747 1624 primum
771 1532 970 1622 impositioni,
1002 1534 1140 1598 alterum
1164 1531 1264 1598 dccli-

163 1641 289 1710 nationi
320 1639 508 1727 dostinaret‚
540 1666 607 1710 non
638 1666 733 1710 usum
760 1665 842 1726 osso,
876 1643 1076 1719 demonstrat
1096 1651 1166 1711 arte
1186 1665 1262 1710 con·

163 1751 297 1834 iunctio,
329 1775 425 1838 qnam
456 1753 541 1819 inter
572 1753 751 1821 uoluntatis
785 1764 817 1819 et
842 1763 978 1820 naturae
1010 1751 1264 1819 declinationem

162 1859 368 1928 intercedere
391 1863 462 1928 fere
483 1861 604 1951 ubique
627 1863 746 1950 premit
771 1862 902 1946 (vnio
916 1885 950 1949 p.
960 1863 1032 1928 394.
1047 1861 1133 1928 Xol
1155 1885 1188 1950 p.
1200 1860 1264 1927 574

163 1968 220 2054 ul.)
245 1978 278 2034 et
298 1970 334 2035 id
356 1970 461 2053 docet,
484 1970 572 2058 quod
593 1971 638 2037 ita
656 1970 739 2037 libro
761 1971 859 2037 tertio
879 1969 976 2059 primi.
991 1978 1024 2036 et
1037 1969 1172 2036 secundi
1186 1969 1264 2034 libri

166 2077 402 2164 disputationes
422 2101 601 2164 recoquere
622 2089 754 2146 coactns
776 2081 903 2149 fnisset.
926 2079 1085 2146 accedunt
1105 2101 1265 2166 gramma·

166 2187 313 2254 ticorum·
328 2188 511 2256 testimonia
531 2211 574 2254 ex
586 2188 671 2254 libro
683 2184 869 2275 undecimo,
894 2211 975 2274 qnae
988 2188 1028 2253 de
1046 2185 1266 2254 declinatione

166 2319 233 2362 non
258 2297 299 2362 de
323 2297 530 2386 impositione
552 2307 664 2386 agunt.
687 2295 799 2389 Restat
819 2295 922 2394 igitur¹
942 2297 1043 2363 altera
1066 2294 1182 2362 diuisio
1199 2317 1266 2362 sac-

166 2393 357 2496 pius'obuia
378 2407 424 2496 (X
437 2409 475 2473 17
494 2409 610 2497 pede.
630 2406 767 2476 V11131
788 2429 820 2495 p.
830 2407 903 2504 476.
927 2406 1195 2495 Vlutlptul.
1217 2403 1267 2474 VI

167 2516 208 2582 36
224 2539 256 2603 p.
269 2517 359 2610 215),
387 2540 470 2604 queo
491 2517 654 2600 summa¹)
685 2517 827 2606 partium
856 2516 1012 2584 orationis
1040 2516 1128 2603 opud
1147 2517 1267 2585 Varro-

168 2745 346 2802 decliuantnr
365 2745 401 2813 (X
410 2745 448 2800 14
463 2764 491 2816 p.
503 2745 577 2814 551),
596 2746 684 2800 uerba
701 2746 851 2800 neruaculu
868 2743 1027 2800 aduenticia
1045 2743 1132 2798 notha
1146 2757 1182 2797 ex
1192 2757 1270 2813 pere·

168 2842 258 2912 guinis
277 2846 344 2898 nata
363 2843 400 2910 (X
410 2841 444 2897 69
463 2860 490 2912 p.
498 2842 570 2912 582),
597 2842 726 2913 analogia
749 2859 831 2911 quem
851 2841 976 2911 sequitur
998 2840 1111 2911 populis
1130 2837 1235 2910 singuli
1254 2857 1271 2894 e

168 2939 273 3010 populo
293 2937 374 3009 (2174
388 2937 500 3008 poet),
519 2939 691 2993 consuetudo
710 2955 765 3008 qna
783 2939 892 3007 antiqui
909 2937 953 2991 usi
970 2940 1035 2991 sunt
1051 2951 1106 3005 qua
1122 2953 1197 2992 nuno
1216 2934 1271 2990 uti-

169 3053 232 3090 mur
251 3052 307 3105 qua
322 3039 421 3105 poetae
438 3038 556 3090 utuntur
574 3034 610 3104 (X
620 3033 654 3088 ⁷3
673 3053 700 3105 p.
710 3034 785 3104 585),
809 3049 877 3104 ques
903 3049 999 3088 omnes
1023 3049 1082 3086 non
1106 3032 1186 3102 aptas
1210 3043 1272 3086 esso

169 3131 328 3202 argumenti
345 3132 453 3186 indoles
471 3135 501 3186 et
517 3147 577 3186 mos
596 3132 744 3202 scriptoris
759 3133 790 3186 in
804 3131 883 3186 libris
896 3129 1090 3200 etymologiois
1103 3127 1269 3198 conspicuas

170 3229 283 3285 docent.
1261 3229 1264 3236 ’

211 3367 214 3376 .
271 3325 297 3394 1)
317 3325 394 3380 Duae
414 3324 564 3386 diuisiones
583 3339 643 3379 sese
661 3322 804 3393 excipiunt
822 3320 1032 3392 V11144p.424
1051 3325 1140 3378 orado
1154 3322 1271 3376 secondo

169 3437 201 3480 ut
219 3435 319 3479 natura
338 3428 367 3478 ia
386 3435 512 3494 quattuor
530 3428 628 3493 partia,
648 3426 678 3476 in
696 3441 754 3478 sam
781 3441 848 3492 puae
867 3423 945 3475 dalet
963 3439 1044 3474 cuttu
1065 3431 1090 3474 ct
1110 3439 1177 3490 quae
1195 3421 1273 3473 dabat

171 3533 292 3593 tempora
312 3533 337 3575 et
357 3539 425 3590 quac
444 3532 567 3574 metrum
588 3531 613 3573 ct
631 3523 661 3573 ia
678 3539 730 3590 qna
752 3530 792 3572 est
809 3529 958 3588 utrumqne,
976 3519 1026 3571 loa
1045 3527 1145 3570 occant
1164 3517 1273 3585 quidam

170 3619 330 3690 appellandi
351 3617 457 3670 dicendi
474 3616 690 3670 adminiculanda‘
709 3617 843 3687 inspectat.
861 3615 1020 3685 appellandi
1036 3623 1066 3667 ut
1083 3615 1159 3665 domo
1179 3622 1204 3664 ct
1216 3613 1273 3664 Ns-

172 3728 238 3784 elor‚
257 3715 362 3768 dicendi
376 3725 405 3768 ut
423 3715 509 3768 scribo
531 3724 555 3766 ct
575 3715 643 3784 lepo,
663 3714 789 3784 suspendi
809 3724 839 3766 ut
859 3722 883 3765 ct
901 3722 925 3764 ct
944 3725 993 3781 qne
1004 3707 1054 3778 (M.
1064 3720 1144 3778 utque
1154 3705 1199 3775 F),
1219 3707 1273 3759 ad·-

172 3813 360 3877 mina'culanda',
375 3823 405 3864 ut
424 3811 499 3864 docte
518 3821 543 3863 cl
563 3811 705 3864 commode.
727 3825 797 3878 quae
816 3807 967 3862 diuisiones
992 3806 1067 3859 iuter
1086 3821 1115 3858 se
1132 3819 1188 3856 nou
1207 3819 1274 3856 con·

172 3911 285 3979 gruunt,
304 3905 438 3976 iungendi
458 3905 532 3960 enim
549 3908 578 3959 et
595 3903 813 3958 adminiculandi
831 3905 936 3972 partes.
946 3902 1042 3955 ambae
1061 3917 1113 3954 neo
1130 3915 1207 3954 ocsus
1221 3914 1273 3952 neo

172 4009 300 4074 tempora
324 4003 435 4058 habent⁴
469 4003 619 4058 secundam
635 4000 808 4054 diuisionem
828 3999 916 4052 Venno
941 3995 1041 4051 debuit
1066 3991 1274 4064 philosophiae

172 4100 315 4155 Prisciano
327 4100 409 4171 (de.
428 4100 479 4170 lp.
489 4099 552 4168 511)
571 4097 716 4154 indicatis:
737 4098 892 4169 quidusdam
912 4097 1078 4166 philosoplis
1096 4095 1201 4163 placuit
1221 4111 1273 4146 nc-

173 4220 232 4254 mea
252 4201 403 4278 etcertum
423 4201 496 4253 colna
516 4217 573 4252 ease
591 4209 683 4266 partes
705 4198 847 4260 orationis,
868 4204 959 4248 cetera
973 4191 1274 4247 ucrcadmt'nicula

174 4299 233 4352 uel
250 4300 442 4352 iuncturas
465 4315 565 4362 corum,
584 4295 712 4364 quomodo
732 4297 844 4348 nauium
863 4301 956 4362 partes
975 4299 1036 4343 sunt
1055 4289 1163 4342 tabulae
1175 4297 1274 4339 attra-

173 4396 225 4462 ὄις,
244 4403 336 4448 caera
347 4405 442 4448 eutem
461 4394 490 4448 id
508 4404 547 4446 eat
568 4403 665 4461 stuppa
685 4401 710 4443 et
728 4391 804 4442 elmi
824 4400 849 4441 ct
868 4389 973 4440 cimilia
990 4385 1102 4440 cimela
1117 4393 1143 4437 st
1156 4383 1274 4452 conplu-
