3140 5148
709 487 769 548 195

189 676 278 732 ctum
301 665 346 731 ait
368 687 387 732 a
409 663 479 733 fetu
501 675 534 732 et
557 668 648 754 qnasi
668 669 803 733 afetura
824 667 961 756 quadam
982 666 1141 753 pecuniae
1160 667 1287 754 parien-

188 775 228 842 tis
250 783 348 861 atque
371 767 612 843 increscentis.¹
639 775 762 842 idcirco
792 784 825 839 et
847 775 892 841 M.
916 759 1077 841 'Catonem
1103 783 1137 840 et
1158 784 1284 843 ceteros

189 885 302 950 aetatis
325 883 393 950 cius
412 885 631 950 feneratorem
653 884 724 949 sine
739 883 772 948 A
793 882 902 949 littera
928 883 1154 971 pronuntiasse
1174 884 1285 969 tradit,

187 992 282 1059 sicuti
301 994 387 1059 fetus
410 993 481 1083 ipse
507 1001 539 1058 et
561 988 745 1059 fecunditas
769 991 942 1080 appellata.

107 1180 125 1236 t
153 1179 189 1242 63
210 1185 234 1229 ὃ
272 1173 456 1262 Vtrumque
484 1173 637 1240 mulieres
667 1183 699 1240 ot
729 1173 918 1261 epicrocum
940 1172 1004 1240 uiri
1036 1194 1165 1260 qnoque
1195 1173 1286 1240 habi·

189 1285 309 1348 tarunt.
511 1291 515 1298 '

4 1365 11 1490 l

697 1510 768 1576 1111

138 1655 192 1719 64*
274 1643 460 1730 Rhythmus
494 1651 543 1710 est
573 1644 695 1734 pedum
721 1651 970 1734 temporumque
1002 1644 1154 1712 iunctura
1185 1645 1287 1712 uelox

189 1851 341 1908 uerborum
360 1870 377 1906 a
394 1852 502 1922 graecis
521 1855 685 1920 tractorum,
703 1870 759 1907 non
779 1871 868 1924 pauca
880 1853 974 1908 hercle
992 1853 1062 1909 dicit
1080 1853 1188 1910 curiose
1205 1857 1234 1909 et
1245 1871 1288 1910 sa·

190 1925 299 1996 gaciter
319 1924 473 1992 conquisita
490 1941 581 1994 neque
601 1928 769 1978 nontamen
789 1925 924 1993 quaedam
941 1925 1034 1980 futilia
1055 1930 1084 1980 ct
1101 1925 1203 1980 friuola
1223 1962 1230 1977 .
1251 1968 1258 1981 .
1280 1968 1286 1981 .

191 1997 221 2050 in
238 1997 312 2050 libro
332 2000 433 2064 quarto
453 1994 629 2050 ‘faenerator'
647 1995 739 2064 inquit
759 1997 922 2066 ‘appellatus
946 1999 989 2050 est
1017 1997 1096 2065 quasi
1114 1991 1286 2070 φαινεράτωρ

190 2063 246 2121 ἀπὸ
267 2068 314 2120 τοῦ
333 2072 485 2140 φαίνεσθαι
503 2069 550 2122 ἐπὶ
566 2063 597 2121 τὸ
614 2061 806 2138 χρηστότερον,
829 2067 959 2137 quoniam
981 2068 1011 2122 id
1031 2085 1118 2138 genus
1142 2067 1287 2124 hominum

191 2139 312 2209 speciem
331 2142 472 2192 ostentent
488 2137 669 2192 humanitatis
688 2142 716 2192 et
736 2139 874 2193 commodi
900 2155 961 2194 esse
985 2139 1135 2194 uideantur
1158 2139 1287 2210 inopibus

191 2225 318 2265 nummos
345 2209 578 2264 desiderantibus’
603 2209 687 2278 idque
707 2208 816 2264 ⁴diuisae
847 2211 886 2264 ait
908 2209 1103 2280 Hypsicratem
1130 2211 1288 2282 quempiam

193 2279 412 2352 grammaticum,
432 2281 509 2334 cuius
529 2280 596 2335 libri
614 2297 679 2334 sane
700 2282 807 2335 nobiles
827 2286 892 2335 sunt
912 2298 996 2350 super
1014 2282 1066 2350 his,
1086 2299 1156 2350 quae
1175 2300 1192 2336 a
1210 2297 1288 2353 grae·

193 2352 232 2407 cis
251 2356 367 2421 accepta
387 2355 458 2405 sunt.
495 2351 554 2406 siue
572 2351 625 2406 hoc
637 2356 729 2405 autem
740 2351 800 2422 ipse
814 2351 936 2406 Cloatius
955 2353 1013 2406 siue
1024 2354 1118 2407 nesciat
1138 2354 1198 2422 quis
1217 2355 1287 2409 alius

195 2425 297 2478 nebulo
318 2422 447 2488 effutiuit‚
466 2423 535 2477 nihil
556 2427 651 2492 potest
674 2423 730 2478 dici
747 2424 886 2478 insulsius.
917 2423 1129 2478 faenerator
1153 2425 1287 2479 enimsi·

191 2495 272 2550 cuti
292 2535 298 2547 .
317 2536 323 2548 .
344 2537 350 2548 .
369 2493 574 2548 fecunditas
594 2493 790 2564 appellata.
827 2493 898 2549 Non.
912 2513 939 2566 p.
950 2493 999 2548 54:
1020 2495 1118 2549 faenus
1137 2496 1171 2549 ab
1191 2511 1223 2550 eo
1245 2494 1287 2550 di·

192 2569 270 2621 ctum
289 2569 340 2632 est,
361 2565 435 2634 quod
452 2565 598 2634 pecuniam
615 2565 707 2652 pariat
725 2566 1030 2634 increscentitempore
1049 2566 1128 2636 quasi
1144 2567 1216 2620 fetus
1238 2569 1288 2622 aut
1380 2584 1382 2589 ·

182 2637 287 2692 fetura.
330 2634 395 2690 n'am
420 2639 449 2690 et
473 2653 573 2706 graece
590 2656 670 2696 τοκος
687 2635 791 2691 dicitnr
809 2633 865 2691 ἀπὸ
884 2639 931 2690 τοῦ
948 2641 1054 2703 τίκτειν,
1084 2638 1159 2706 quod
1178 2643 1220 2692 est
1237 2651 1285 2707 pa·

190 2723 261 2763 rere.
299 2707 411 2762 Varro
431 2707 504 2761 libro
522 2708 563 2762 llI
581 2708 615 2762 de
636 2707 722 2761 latino
744 2725 883 2762 sermone:
905 2708 1002 2762 foenus
1028 2712 1120 2762 autem
1144 2707 1251 2763 dictum
1269 2720 1286 2762 a

189 2777 276 2846 foetu,
295 2782 325 2832 et
342 2778 420 2846 quasi
434 2779 545 2833 foetura
563 2779 682 2848 quadam
695 2779 841 2845 (secturam
854 2779 993 2848 quandam
1008 2781 1048 2847 W)
1061 2781 1202 2850 pecuniae.
1221 2793 1286 2834 nam

190 2851 363 2905 ctCatoncm
382 2855 411 2904 et
428 2855 535 2904 ceteros
558 2851 727 2918 antiquiores
749 2849 845 2905 sineA
863 2851 958 2905 littera
976 2851 1072 2905 faenus
1091 2852 1286 2920 pronuntiasse

190 2922 342 2985 contendit,
361 2926 394 2975 ut
412 2921 485 2975 fetus
504 2926 533 2975 at
550 2921 714 2978 fecunditas.
744 2922 869 2988 cf.Varr.
881 2922 915 2975 de
930 2921 1080 2977 1.1.V1196
1096 2921 1192 2992 pete.
1210 2923 1285 2977 Fest.

190 2992 270 3046 Pauli
289 3011 315 3062 p.
326 2993 375 3048 86:
396 2991 475 3046 fenus
497 2997 525 3047 et
543 2993 714 3046 feneratores
734 2997 763 3046 et
782 2993 827 3046 lex
845 2993 879 3046 de
902 2994 1010 3048 credita
1026 2994 1143 3062 pecunia
1161 2993 1284 3048 fenebris

190 3080 207 3117 a
224 3065 284 3119 fetu
301 3065 385 3129 dicta,
404 3065 479 3132 quod
498 3064 599 3118 crediti
617 3064 723 3118 nummi
743 3063 811 3117 ahos
828 3064 939 3134 pariant
960 3067 994 3118 ut
1012 3063 1087 3135 apud
1107 3081 1223 3135 graecos
1241 3081 1286 3118 ea·

190 3135 254 3189 dem
274 3153 319 3190 res
336 3129 416 3193 τόκος
436 3135 547 3190 dicitur.
583 3140 618 3203 cs.
637 3135 728 3204 pel:
745 3135 832 3189 fenus.

289 3229 331 3284 63.
366 3230 437 3285 Non.
460 3249 486 3301 p.
497 3232 564 3286 318:
590 3231 724 3288 Habitare
749 3235 792 3286 cst
810 3231 968 3286 inhabitare
985 3231 1090 3286 habere
1109 3229 1160 3286 uti.
1195 3229 1285 3287 Varro

191 3307 222 3356 de
241 3319 367 3358 sermone
385 3302 473 3356 latino
491 3303 563 3358 libro
581 3303 635 3357 Ill:
657 3309 845 3372 utrumque
865 3343 871 3357 .
889 3345 895 3357 .
915 3344 921 3357 .
942 3303 1164 3357 habitarunt

288 3394 347 3449 64²⁸.
383 3394 452 3448 Mar.
474 3395 547 3449 Vict.
566 3395 579 3447 I
600 3397 643 3461 10,
662 3395 677 3448 1
695 3414 722 3466 p.
733 3394 857 3450 alasa:
875 3395 1013 3464 Rhythmi-
1029 3395 1108 3466 origo
1129 3396 1164 3450 de
1181 3396 1237 3450 ersi
1257 3399 1287 3452 et

191 3465 265 3520 thesi
280 3483 393 3520 manare
411 3467 575 3520 dinoscitur.
612 3484 677 3520 nam
696 3467 878 3534 rhythmus
898 3472 976 3521 est.
1000 3505 1006 3517 .
1027 3509 1033 3521 .
1051 3484 1214 3520 numerus
1232 3467 1285 3522 di·

190 3537 292 3591 citur.
330 3537 420 3591 Diom.
438 3537 538 3606 9473,
557 3537 606 3591 21:
629 3537 773 3606 rhythmus
791 3541 834 3592 eat
855 3538 956 3606 pedum
984 3541 1199 3606 temporumque
1225 3539 1286 3592 iun·

179 3613 272 3662 ‘cturc
292 3627 355 3663 cum
372 3609 487 3662 leuitate
506 3609 565 3662 sine
582 3608 673 3662 mode.
694 3609 841 3678 augustin.
860 3609 894 3663 de
912 3610 1018 3663 musica
1036 3607 1111 3675 1111,
1122 3609 1147 3662 2.
1164 3609 1177 3661 l
1194 3625 1221 3677 p.
1232 3607 1284 3664 581

192 3680 235 3734 ed.
254 3697 348 3750 congr.
369 3680 395 3734 S.
414 3680 516 3734 Mauri:
541 3681 672 3748 quoniam
696 3685 809 3748 oportet
833 3680 968 3750 distingui
987 3680 1072 3734 etiam
1089 3680 1234 3734 uocabulis
1252 3697 1286 3734 ea

190 3767 260 3820 quae
278 3769 309 3806 re
329 3752 363 3806 ab
384 3769 413 3806 sa
434 3751 567 3806 distincte
585 3756 657 3819 sunt,
676 3752 747 3804 acies
765 3751 835 3805 illud
853 3751 979 3820 superius
990 3767 1077 3820 genus
1097 3750 1283 3821 copulationis

189 3822 348 3890 rhythmum
368 3839 384 3876 a
402 3825 519 3892 graecis,
537 3821 590 3876 hoc
610 3827 704 3876 autem
716 3823 835 3876 alterum
846 3828 966 3875 metrum
980 3821 1181 3890 uocari,latina
1192 3827 1285 3876 autem

188 3892 246 3947 dici
265 3900 380 3963 possent
393 3893 464 3947 illud
482 3910 621 3960 numerus,
643 3894 696 3947 hoc
713 3893 821 3946 mensio
840 3893 886 3948 uel
905 3909 1044 3947 mensura.
1083 3893 1133 3946 scd
1157 3893 1287 3962 qnoniam

188 3963 257 4018 haec
275 3965 350 4034 apud
367 3981 418 4019 nos
435 3965 548 4018 nemina
565 3965 621 4018 late
641 3968 741 4035 patent
759 3969 788 4018 et
806 3963 962 4019 cauendum
980 3972 1032 4034 est,
1050 3979 1086 4019 ne
1104 3964 1232 4034 ambigue
1247 3965 1287 4018 lo·

290 4171 304 4225 1
332 4167 376 4224 ait
394 4183 449 4226 cm.
470 4165 582 4239 Lllad
606 4166 670 4246 fetu
694 4158 889 4246 Lllpecunip
907 4165 938 4225 L
959 4166 1082 4243 pecunie
1098 4154 1184 4242 Vlla
1205 4168 1236 4223 et
1256 4165 1288 4222 in

190 4251 360 4309 catoneinne
379 4255 491 4308 ceteros
511 4251 541 4310 L
554 4252 601 4322 113
627 4251 715 4308 etatis
743 4251 797 4321 Vll
810 4251 871 4309 sine
890 4246 928 4323 A]
947 4251 975 4307 A
999 4267 1053 4309 om.
1082 4242 1138 4328 Vn
1158 4267 1287 4327 pronun·

189 4337 281 4394 oiasse
302 4335 331 4394 L
344 4331 358 4414 11
372 4334 536 4422 fecunditas
558 4335 588 4394 L
601 4336 617 4407 1Ι
