3126 5146
815 415 854 472 96

291 589 461 672 Diogenes
482 590 591 672 l.s.s.,
613 588 729 674 partim
749 588 855 654 Varro
879 589 948 674 ipse
970 589 1079 653 uerbis
1106 608 1187 676 quae
1212 609 1310 672 supro
1333 607 1387 650 ex·

294 698 393 783 cripsi
418 699 571 781 narrat¹).
601 698 719 764 desunt
741 697 983 763 contra‘omnia
1002 697 1143 782 uestigia
1165 697 1199 762 in
1222 697 1273 763 his
1296 696 1386 760 libris

291 815 400 892 partes
425 805 579 872 orationis
600 813 753 870 tractatas
776 829 857 892 esse,
882 829 960 892 quas
981 805 1099 870 stoicos
1120 805 1228 869 eidem
1244 805 1317 869 loco
1333 804 1386 866 tri·

291 914 399 980 buissc
421 936 486 978 non
509 913 643 979 dubium
663 924 721 982 est.
743 915 800 980 hos
812 924 921 980 autem
932 914 1116 983 Varronem
1129 914 1183 978 hie
1198 912 1385 998 neglexisse

290 1034 380 1112 puto,
412 1023 486 1110 quia
518 1046 590 1088 cum
611 1024 738 1109 reliquo
769 1032 962 1110 argumento
984 1023 1148 1088 nonsatis
1171 1031 1245 1110 apte
1268 1043 1385 1086 conue-

289 1133 360 1200 nire
394 1133 424 1197 oi
452 1133 659 1217 uidebantur,
692 1153 830 1220 eumque
863 1155 916 1198 eas
945 1134 979 1196 in
1003 1133 1088 1197 libro
1109 1131 1151 1196 de
1173 1131 1386 1218 grammatica

289 1243 479 1330 exposuisse
503 1243 611 1308 statim
633 1242 826 1308 uidebimus.
852 1252 1022 1331 praeterea
1036 1264 1115 1307 uero
1133 1241 1233 1306 libros
1256 1251 1384 1306 nostros

286 1350 330 1416 ud
345 1345 532 1418 rhetoricos
554 1352 658 1416 libros
680 1349 754 1430 περὶ
776 1351 889 1426 λέξεως
911 1375 1013 1440 prope
1036 1351 1195 1416 accedere
1217 1349 1383 1416 nonnullis

287 1461 368 1526 locis
380 1461 500 1526 monui.
517 1460 571 1548 qui
582 1461 658 1526 libri
669 1461 840 1548 perierunt
852 1484 972 1542 omnes,
985 1461 1044 1527 sed
1056 1461 1167 1546 quales
1178 1457 1300 1524 fuerint
1310 1481 1383 1522 cum

288 1592 330 1634 ox
348 1571 422 1635 libri
434 1571 670 1659 Theophrastei
685 1570 760 1652 περὶ
776 1569 889 1646 λέξεως
907 1575 1100 1660 fragmentis
1112 1595 1194 1658 quae
1211 1571 1383 1660 conposuit

286 1678 374 1744 Max:
383 1679 532 1748 Schmidt
541 1680 563 1745 l.
576 1703 601 1746 s.
612 1681 634 1744 l.
646 1703 678 1767 p.
691 1679 731 1745 37
744 1705 791 1768 sq.
801 1680 828 1761 2)
845 1682 1060 1768 intellegitur,
1083 1691 1151 1747 tum
1175 1703 1217 1746 ex
1230 1679 1384 1766 Dionysii

287 1789 567 1855 llolicarnasensis
592 1791 739 1877 opusculi
763 1790 874 1856 eximii
895 1791 936 1856 de
958 1791 1183 1880 conpositione
1205 1791 1382 1854 uerborum

287 1908 378 1985 parte
401 1899 544 1964 secunda
568 1899 974 1987 (p.112-28680haef.)‚
1006 1901 1040 1967 in
1070 1925 1133 1988 qua
1154 1899 1381 1985 Theophrasto

211 1989 220 2010 ’
287 2016 319 2071 et
344 2007 554 2090 Aristoxeno,
583 2009 739 2093 equibus
761 2010 869 2075 Varro
895 2032 1024 2098 quoque
1047 2010 1164 2093 hausit,
1196 2009 1382 2076 auctoribus

287 2139 363 2180 usus
388 2115 516 2199 quaerit
534 2137 616 2200 quae
634 2118 839 2205 potissimum
863 2141 960 2185 curae
983 2142 1055 2185 esse
1084 2120 1224 2185 debeant
1245 2119 1289 2201 τῷ
1309 2119 1384 2196 βου·

287 2223 408 2306 ’λ-ομένιμ
435 2221 491 2304 τὴν
513 2225 595 2300 λέξιν
615 2219 649 2286 εὖ
671 2226 856 2290 συντιθέναι
885 2229 1065 2317 eademque
1091 2230 1199 2294 omnia
1220 2227 1383 2311 tractauit,

289 2355 371 2419 quae
385 2336 429 2400 M.
442 2335 635 2401 Terentium
650 2346 804 2404 tractasse
827 2339 979 2405 uidimus.
1002 2364 1098 2428 quam
1120 2349 1189 2404 arte
1210 2340 1244 2404 in
1266 2339 1326 2404 hac
1345 2358 1381 2402 re

287 2443 476 2508 coniunctae
505 2444 570 2509 sint
598 2445 762 2512 rhetorica
792 2457 824 2511 et
854 2449 1065 2534 grammatica
1086 2450 1130 2516 M.
1150 2447 1277 2515 Antoni
1300 2445 1381 2512 Gni-

287 2552 403 2640 phonis
434 2575 562 2640 quoque
593 2556 808 2641 grammatici,
842 2555 1011 2625 Ciceronis
1036 2558 1195 2644 magistri,
1227 2555 1380 2642 exemplo

286 2661 507 2746 confirmatur,
530 2662 571 2726 de
594 2681 657 2751 quo
671 2663 847 2732 Suetonius
867 2665 928 2748 (de
940 2687 1077 2754 gramma
1100 2676 1133 2730 et
1154 2667 1236 2730 rhet.
1261 2665 1293 2743 7)
1313 2663 1379 2728 ‘do-

286 2770 353 2836 cuit
372 2771 488 2836 autem'
513 2771 558 2836 ait
581 2773 624 2838 ‘ct
651 2773 857 2860 rhetoricam,
878 2769 936 2842 'ita
967 2786 1002 2842 ut
1034 2775 1179 2865 quotidie
1208 2781 1382 2860 praecepte

196 2899 198 2904 ’
285 2882 491 2968 eloquentiae
521 2883 675 2970 traderet,
708 2885 905 2952 declamaret
936 2908 1015 2952 uero
1046 2884 1175 2952 nonnisi
1206 2879 1382 2950 nundinis’.

285 2991 417 3079 scripsit
435 3015 514 3057 uero
537 2995 751 3061 teste'Ateio
774 2995 949 3082 Philologo
980 2996 1045 3082 (sp.
1069 2995 1159 3064 Suet.
1180 2995 1202 3060 l.
1226 2991 1267 3076 s.)
1299 2988 1381 3055 nihil

281 3101 346 3165 nisi
369 3102 468 3167 libros
481 3102 517 3167 II
531 3103 572 3167 do
583 3103 683 3170 latino
699 3127 848 3170 sermone
863 3105 919 3192 (ef.
933 3107 1046 3190 Quint
1059 3105 1133 3170 inst.
1147 3103 1259 3170 orat.=I
1272 3102 1302 3185 6,
1315 3098 1380 3183 23),

280 3256 351 3268 --⁴
357 3255 405 3266 -⁴.·=
414 3258 435 3266 Μ
442 3257 485 3266 ...-

386 3339 414 3408 1)
433 3341 544 3396 Stoioos
565 3342 676 3410 quidem
694 3344 791 3398 ecdem
808 3361 862 3413 que
888 3345 918 3398 in
943 3344 1022 3400 libris
1048 3344 1083 3398 ds
1101 3343 1196 3412 lingue
1213 3339 1303 3394 latina
1317 3355 1383 3394 oon·

280 3439 389 3493 stantis
415 3438 494 3506 sequi
517 3455 574 3494 non
600 3441 702 3509 potuit,
718 3442 792 3510 ¹quin
816 3442 857 3496 ibi
879 3440 1018 3511 principis
1034 3457 1147 3510 prorsus
1168 3436 1309 3508 generalis
1326 3441 1382 3492 trs·

282 3535 384 3589 ctands
401 3539 489 3602 erant,
507 3535 552 3590 hic
571 3535 605 3589 de
623 3537 774 3595 latinorum
798 3539 998 3592 uocabulorum
1016 3536 1244 3607 pronuntiatione
1262 3533 1382 3590 accenti-

282 3633 333 3686 bus
353 3649 375 3684 c.
397 3650 423 3702 q.
444 3649 464 3685 s.
481 3632 625 3704 agebatur.

381 3729 407 3792 2)
428 3729 699 3799 Posidonii'quoque
718 3735 781 3802 περὶ
800 3733 893 3790 λέξεως
910 3725 1116 3802 εἰςιιγωγήναῐ.
1129 3731 1149 3785 Ι.
1160 3731 1234 3784 Bake
1249 3728 1381 3782 Posiden·

283 3824 371 3878 Rhod.
389 3825 437 3877 rel.
457 3843 483 3893 p.
496 3825 556 3878 233.
590 3825 618 3881 Ο.
630 3825 811 3880 Wachsmuth
832 3827 929 3895 philol.
948 3827 1013 3881 XVI
1031 3846 1058 3896 p.
1069 3826 1121 3882 649
1139 3845 1166 3880 n.
1177 3826 1204 3896 4)
1227 3824 1380 3879 Varronem

281 3921 399 3980 fortasse
416 3921 575 3975 adhibuisse
594 3941 677 3992 supra
695 3923 815 3976 uidimus
836 3942 861 3993 p.
877 3921 917 3976 17.
937 3923 1088 3993 Antipater
1107 3941 1215 3992 quoque
1235 3921 1380 3976 Tarsensis

228 4061 232 4067 .
282 4017 395 4087 scripsit
413 4022 476 4088 περὶ
493 4021 587 4078 λέξεως
607 4023 652 4072 καὶ
671 4023 829 4092 λεγομένων
848 4021 952 4085 (Laert.
971 4021 1053 4090 Diog·
1067 4021 1118 4074 Vll
1130 4019 1186 4088 58),
1210 4019 1259 4074 ubi
1286 4021 1381 4080 λέξεως

282 4113 342 4167 eod.
365 4113 496 4170 Arundel.
516 4120 544 4169 et
563 4117 854 4171 testeWachsmuthio
874 4118 935 4172 cod.
958 4118 1079 4171 Burbon.
1091 4117 1143 4172 253
1162 4121 1190 4170 et
1208 4116 1290 4170 Laur.
1308 4117 1377 4185 plut.

280 4211 407 4266 LXVllll
423 4210 465 4266 13.
481 4212 524 4279 35,
551 4215 648 4272 λέξεων
674 4213 735 4268 cod.
753 4213 835 4268 Laur.
854 4215 921 4284 plut,
942 4213 1069 4268 LXVIIll
1085 4213 1129 4282 28,
1149 4213 1196 4282 qni
1214 4211 1317 4282 peioris
1337 4199 1381 4266 esi

279 4311 372 4362 notae.
