3126 5146
699 481 757 540 lte

180 653 291 718 multis
313 653 455 742 quidem·
468 653 560 720 libris
583 652 688 718 Varro
712 652 850 740 Pompei
872 674 990 718 nomeu
1022 654 1200 721 inscribere
1222 679 1276 744 pa·

180 759 324 848 nitarque
355 763 391 828 in
417 762 593 828 multorum
621 783 756 850 operum
778 761 981 849 praefatione
1009 762 1051 828 do
1081 766 1297 852 cognatione,

179 871 320 944 aeolicae
339 872 473 957 linguae
505 879 537 936 et
556 871 694 938 ⁴latinae
714 871 805 958 loqui
829 872 943 960 potuit,
978 873 1037 939 sed
1059 873 1140 940 haec
1162 875 1278 960 singu·

179 981 257 1047 laris
279 978 546 1068 argumentorum
577 981 800 1068 congruentia,
836 991 1014 1067 praeeunte
1038 983 1217 1050 Ritsehelio
1247 1009 1277 1049 n.

179 1111 261 1157 mus.
281 1091 330 1155 rh.
343 1090 394 1156 VI
407 1115 438 1178 p.
451 1091 510 1156 531
524 1112 584 1176 sq,
600 1109 651 1156 me
667 1099 778 1156 mouet
787 1101 823 1156 ut
838 1091 879 1156 ad
892 1091 1024 1158 eosdem
1040 1093 1141 1159 libros
1153 1102 1277 1158 utrum-

180 1219 244 1284 que
258 1200 481 1266 testimoninm
500 1202 652 1282 referam,
677 1199 787 1266 doncc'
804 1210 931 1266 constat
954 1201 996 1266 de
1014 1223 1114 1290 opere
1138 1202 1277 1288 quodam

179 1309 220 1374 ad
233 1307 550 1395 Pompeiummisso,
574 1309 626 1374 oui
648 1310 714 1374 talo
737 1310 940 1398 prooemium
961 1321 1073 1399 aptum
1096 1322 1155 1378 est.
1178 1312 1278 1377 hodie

179 1427 287 1484 autem
310 1419 441 1504 praeter
463 1419 667 1504 isagogieutn
692 1441 735 1484 ex
757 1441 820 1506 quo
843 1419 985 1485 disceret
1002 1421 1180 1506 Pompeius
1206 1441 1280 1486 eon-

179 1527 242 1612 snl,
263 1536 335 1609 quid
346 1535 447 1606 faeere
461 1536 614 1609 dicereque
628 1535 746 1594 deberet
761 1553 826 1594 cam
847 1540 981 1596 sennam
1002 1531 1277 1612 conterentem.

179 1637 289 1704 XIIII
301 1637 330 1719 7,
342 1638 376 1718 2)
408 1646 441 1702 et
461 1637 706 1725 ephemeridem
731 1637 880 1703 naualem
908 1637 1029 1723 (itiner.
1049 1637 1235 1705 Alexandri
1255 1641 1276 1706 6

180 1747 231 1814 ed.
252 1765 302 1833 pr.
314 1745 390 1812 Mai.
401 1747 431 1811 3.
456 1747 519 1834 p.5
538 1747 636 1813 class.
658 1746 933 1829 saccenuill),
953 1747 995 1812 de
1020 1746 1138 1832 quibus
1158 1747 1193 1813 in
1214 1748 1277 1812 hac

179 1875 217 1920 re
238 1876 337 1920 nemo
356 1854 527 1940 cogitabit,
549 1854 590 1918 ud
605 1853 799 1942 Pompeium
818 1854 940 1920 librum
960 1855 1103 1942 aliquem
1120 1855 1278 1943 scriptum

180 1968 258 2029 esse'
280 1962 452 2028 neseimus.
473 2013 475 2020 .
498 1962 633 2048 egregie
654 1983 735 2028 uero
756 1961 815 2026 illa
835 1961 891 2046 (fr.
914 1963 987 2043 106)
1018 1963 1140 2028 habent
1166 1963 1277 2030 locum

179 2077 274 2138 sunm
298 2071 352 2155 (ei.
374 2071 525 2160 Spengel
546 2071 568 2138 1.
581 2095 608 2137 s.
629 2072 704 2158 pl)
725 2071 761 2137 in
781 2071 948 2158 prooemio
969 2071 1128 2137 librorum
1148 2071 1190 2138 dc
1216 2073 1278 2138 ori⁴

179 2186 258 2272 gine
272 2186 415 2272 linguae
433 2185 565 2268 latinae,
580 2184 646 2250 nbi·
663 2183 764 2270 igitur
779 2183 970 2248 Euandrum
994 2204 1069 2248 eum
1091 2205 1167 2250 esse·
1184 2183 1277 2266 dixit,

180 2318 200 2358 a
221 2316 285 2382 quc
307 2294 441 2380 linguae
462 2293 604 2378 aeolicae
630 2292 802 2358 et'latinae
823 2290 999 2357 similitudo
1021 2293 1202 2380 repetenda
1225 2293 1278 2358 ait.

180 2403 403 2471 cumeeolioo
431 2423 582 2469 sermone
606 2402 744 2470 latinum
774 2401 903 2489 saepius
932 2400 1141 2468 contulerunt
1164 2401 1278 2488 uolga-

180 2523 319 2598 re'mque
346 2514 387 2578 de
417 2513 538 2581 haere
567 2511 761 2578 sententiam
793 2510 919 2598 profert
944 2509 1163 2592 Quintilianus
1189 2511 1278 2596 (inst.

181 2622 384 2708 or.Iss,'3l)=
402 2623 569 2710 t‘continet
591 2621 822 2708 (etymologia)
852 2621 888 2686 in
910 2641 944 2686 se
968 2620 1103 2691 multam
1125 2620 1280 2687 eruditio-

82 2801 96 2814 ,
180 2753 266 2816 uem,
301 2733 370 2798 sinc
392 2754 434 2798 ex
459 2733 586 2818 graecis
610 2743 683 2799 orta
706 2742 897 2816 tractemus,
931 2744 1112 2818 quaesunt
1141 2733 1281 2820 plurima

181 2842 425 2930 praecipuoque
446 2850 556 2910 acation
577 2842 715 2926 ratione,
748 2843 798 2930 ¹cui
821 2851 870 2908 est
893 2863 999 2908 sermo
1023 2852 1136 2908 noster
1155 2841 1279 2908 similli-

181 2973 265 3034 mus,
282 2950 455 3036 declinata,
486 2950 564 3019 siue'
589 2971 617 3017 e.
637 2971 668 3035 q.
685 2955 711 3016 s'.
735 2951 831 3015 etiam
853 2952 871 3018 I
890 2950 919 3030 5,
934 2949 977 3016 55
997 2949 1089 3014 latini
1112 2959 1145 3015 et
1166 2951 1277 3037 graeci

182 3059 344 3125 sermonis
358 3059 604 3146 similitpdinem
621 3058 755 3148 premit:
779 3056 892 3123 ‘uerba
911 3068 967 3124 aut
989 3059 1089 3124 latina
1112 3066 1168 3125 aut
1186 3081 1280 3148 pere*

181 3169 277 3254 grina
307 3181 392 3236 sunt,
437 3169 613 3258 peregrine
640 3190 749 3256 porro,
771 3190 814 3234 ex
839 3167 989 3235 omnibus
1011 3190 1114 3257 prope
1139 3168 1281 3235 dixerim

182 3278 337 3366 gentibus
358 3288 396 3344 ut
415 3279 561 3347 instituta
583 3279 681 3346 etiam
693 3279 801 3346 multa
819 3289 991 3347 uenerunt.
1011 3290 1104 3345 taceo
1128 3279 1170 3345 de
1193 3289 1283 3348 traseae

183 3395 216 3453 et
230 3395 344 3456 scitne
356 3395 390 3454 et
397 3397 597 3470 praenestinis
617 3409 747 3476 quoquo
760 3437 768 3454 .
781 3437 789 3454 .
804 3389 964 3476 piurima
981 3395 1092 3471 pauca
1107 3390 1283 3455 ualuerunt

184 3545 241 3565 ...
263 3498 322 3563 sed
341 3498 422 3564 haec
446 3497 563 3566 diuieic
586 3519 662 3564 mea
677 3496 719 3563 ad
738 3522 876 3580 praecum
888 3519 1083 3566 ‹sermonem
1105 3501 1281 3586 praecipue

182 3608 339 3696 pertinet,
358 3631 433 3676 nam
455 3617 489 3672 et
508 3607 650 3674 manime
674 3628 717 3673 ex
736 3615 831 3695 parte
843 3627 998 3672 romanus
1012 3605 1091 3672 inde
1102 3628 1281 3674 conuersus

183 3728 244 3801 est,
263 3725 296 3782 et
319 3717 474 3797 confessis
496 3737 625 3805 quoque
646 3717 776 3802 graecis
799 3715 920 3799 utimur
942 3715 1064 3800 uerbis,
1091 3715 1148 3780 ubi
1169 3726 1282 3783 nostra

185 3823 323 3907 desunt',
344 3823 385 3889 of.
407 3824 502 3890 Varr.
527 3825 568 3893 de
590 3824 645 3890 1.1.
658 3823 690 3888 V
706 3825 746 3889 10
766 3848 798 3912 p.
810 3823 860 3888 22.
882 3823 916 3890 X
931 3823 971 3887 69
993 3847 1024 3912 p.
1037 3821 1099 3889 582
1108 3845 1155 3908 sq.

261 3931 335 4000 -Ite
360 3929 414 4028 uia
444 3923 573 3998 munita¹
596 3933 685 4000 aliud
710 3949 845 4022 'quoque
868 3924 957 4020 Lydi
988 3927 1210 3998 testimonium
1232 3933 1282 4000 his

183 4043 277 4124 libris
298 4042 506 4110 tribuendum
527 4053 588 4110 eat.
631 4043 744 4110 scribit
764 4042 901 4111 enimin
927 4043 1044 4110 eodem
1068 4063 1169 4128 opero
1192 4041 1283 4108 1113

126 4178 136 4187 ·
183 4152 285 4220 haee:
314 4148 369 4232 τὴν
400 4149 435 4212 δὲ
456 4145 531 4232 ὅλην
560 4147 759 4231 κατασκευὴν
779 4151 835 4212 τοῦ
860 4147 1081 4232 περιζώματος
1111 4145 1139 4212 οἱ
1162 4148 1283 4214 Γάλλοι

185 4257 583 4342 aapscptpnvtl'e'yooosa),
598 4253 643 4340 ’ἢν
656 4256 690 4320 τὸ
705 4259 828 4340 πλῆθος
849 4257 1053 4338 καρτάλαμσν
1074 4255 1107 4332 ἐξ
1122 4255 1283 4332 ἰδιωτείας

186 4365 345 4448 ὀνομάζει.
366 4363 417 4430 ὅτι
441 4367 475 4430 δὲ
499 4364 736 4448 οὕρῬωμαικὸν
759 4367 848 4430 renti
867 4363 914 4432 ro'·
927 4363 1090 4450 ῥημάτιον,
1115 4363 1279 4448 μάρτυςὸ

1093 4490 1111 4544 9
