3140 5148
251 643 287 707 8'1
369 641 469 708 Domi
490 663 577 708 suae.

246 833 284 896 88
369 824 495 908 Mutuo,
522 833 558 889 ut
578 824 682 889 Varro
705 824 747 890 de
768 845 919 891 sermone
943 824 1045 890 latino
1067 824 1151 890 libro
1175 823 1208 887 V
1229 820 1383 908 loquitur,

286 933 321 1000 in
351 933 585 1000 consuetudine
619 944 683 1017 est,
718 941 835 1016 mutue,
863 954 943 998 uero
974 943 1011 998 ut
1047 933 1143 999 docte
1175 929 1381 997 scribendum

287 1051 389 1130 putat.

248 1239 285 1303 89
370 1222 490 1290 Coram
510 1222 551 1287 de
575 1223 802 1309 praesentibus
823 1223 928 1305 nobis,
956 1201 1068 1313 palari
1085 1223 1182 1292 etiam
1205 1223 1248 1291 de
1269 1225 1418 1292 absono

285 1332 381 1398 tibus.

249 1528 284 1590 90
367 1515 505 1598 Quando
526 1513 719 1602 particulam
741 1537 801 1604 pro
819 1538 892 1581 cum
907 1537 1029 1604 ponere
1040 1485 1236 1582 Formianos
1252 1523 1284 1581 ct
1294 1516 1382 1583 Fun·

285 1626 385 1690 danos
407 1625 452 1689 ait
474 1623 593 1691 Varro.

600 1935 674 2023 ΒΕ
708 1937 1059 2024 GRAMMATIOA

249 2152 282 2215 91
368 2149 415 2212 Vt
432 2148 574 2214 Varroni
597 2150 714 2237 placet,
736 2172 787 2214 ars
808 2149 1028 2236 grammatica,
1061 2170 1143 2238 quae
1172 2173 1191 2216 a
1215 2150 1309 2216 uobis
1329 2149 1379 2214 lit·
1400 2166 1436 2220 10

286 2263 429 2322 teratura
451 2256 580 2340 dicitur,
604 2256 740 2323 seientia
764 2267 814 2324 est
835 2279 1053 2346 eorumquae
1068 2283 1086 2324 a
1099 2259 1206 2346 poetis
1219 2258 1382 2326 historicis

383 2466 425 2523 87.
465 2465 544 2521 (lber.
561 2485 589 2537 p.
601 2466 660 2535 126,
679 2467 729 2523 22:
756 2467 859 2522 Domi
884 2485 967 2522 suae
984 2468 1073 2522 Varro
1094 2468 1128 2524 de
1148 2485 1275 2524 sermone
1292 2468 1380 2524 latino
1405 2507 1407 2518 .

283 2537 357 2591 libro
375 2537 408 2592 V.
441 2555 493 2594 nec
511 2539 585 2593 enim
605 2542 698 2608 potest
716 2539 878 2594 aduerbium
898 2539 1017 2594 dicioni
1036 2557 1101 2594 suae
1122 2557 1275 2610 pronomen
1292 2540 1380 2594 adest.

283 2609 512 2735 1(lipttlpuplsemulta
537 2616 636 2670 contra
653 2611 685 2665 L.
706 2609 823 2666 Furium
842 2611 927 2666 ‘domi
944 2627 1022 2666 meac
1041 2629 1123 2681 saepe
1137 2612 1199 2665 fuir
1223 2617 1252 2666 al
1275 2616 1318 2666 est
1335 2627 1383 2681 ga·

383 2776 427 2832 88.
467 2775 715 2847 char.p.205‚15:
744 2777 864 2833 Mutuo
883 2783 922 2833 ut
941 2817 947 2828 .
968 2819 974 2832 .
995 2815 1001 2828 .
1021 2778 1251 2834 scribendum
1267 2779 1379 2846 putat.

284 2865 411 2904 necnon
428 2850 458 2902 et
476 2848 518 2901 illi
533 2849 581 2917 qui
602 2849 637 2902 de
656 2848 819 2905 differentiis
838 2851 972 2904 scribunt.

384 2943 427 3000 89.
462 2942 539 2999 Seru.
559 2943 594 2997 ad
612 2942 694 3014 Verg.
706 2944 775 2999 Aen.
794 2945 884 2999 1595:
905 2945 1005 3000 Coram
1021 2945 1148 2999 nonnulli
1168 2943 1203 2998 ad
1220 2959 1377 3014 personam,

284 3022 316 3071 ut
335 3019 439 3072 ‘coram
452 3015 530 3082 uiro’,
543 3016 635 3084 palam
654 3016 690 3069 ad
706 3033 800 3070 omnes
818 3015 918 3070 referri
936 3018 1042 3084 uolunt,
1063 3021 1095 3070 ub
1115 3017 1214 3086 ‘palum
1236 3015 1380 3070 omnibus’.

282 3089 385 3144 Varro:
407 3101 523 3141 coram
543 3127 548 3139 .
570 3127 576 3140 .
597 3127 603 3138 .
624 3087 848 3141 absentibus.
890 3105 955 3142 sane
974 3105 1067 3142 coram
1084 3088 1196 3156 quidam
1215 3087 1379 3141 aduerbinm

282 3164 392 3229 putant,
412 3158 546 3226 quianon
563 3157 742 3226 subsequitur
753 3175 841 3218 casus.
861 3159 973 3227 quidam
986 3159 1221 3228 praepositionem
1230 3158 1377 3227 loquentis,

282 3248 339 3285 non
357 3230 466 3284 casibus
484 3228 659 3282 seruientem.
689 3228 764 3283 Suel.
783 3247 810 3299 p.
821 3228 979 3284 aeonem:
997 3229 1091 3298 palem
1108 3230 1230 3284 omnium
1249 3245 1378 3299 praesen·

281 3303 351 3354 iiam
370 3303 458 3368 notui,
484 3316 578 3352 coram
602 3316 750 3366 personam
778 3301 904 3370 occipere
922 3301 1070 3355 desiderat.
1108 3301 1204 3355 isidor.
1224 3300 1280 3354 diff.
1298 3300 1377 3354 uerb.

282 3373 330 3426 91:
349 3372 424 3426 inter
441 3387 536 3425 coram
555 3370 697 3439 sipulum:
717 3389 810 3426 eoram
825 3372 860 3425 ad
875 3389 1022 3442 personam
1032 3373 1161 3439 refertur,
1171 3373 1288 3427 dicimus
1302 3370 1377 3424 enim

282 3461 377 3498 coram
402 3442 458 3508 illo,
480 3442 572 3511 palam
597 3446 690 3496 aulem
715 3461 852 3513 personae
880 3447 964 3511 caret,
994 3443 1059 3512 quia
1081 3444 1111 3497 id
1129 3444 1219 3513 ipsum
1239 3440 1378 3512 significat

281 3515 356 3583 quod
377 3530 471 3569 omues
491 3513 590 3567 sciunt.
626 3530 693 3583 ergo
711 3532 805 3568 coram
824 3515 860 3568 ad
877 3531 1024 3584 personam
1044 3519 1149 3570 certam
1173 3515 1302 3582 refertur,
1329 3529 1377 3583 pa·

280 3587 337 3640 lem
354 3585 390 3641 ad
407 3601 510 3639 omnes.
533 3591 566 3656 cs.
588 3588 685 3640 Donat.
705 3588 741 3639 nd
761 3590 816 3640 Ter.
835 3587 885 3640 Ad.
905 3589 965 3640 llll
981 3591 1067 3656 3,17.

380 3681 424 3736 90.
461 3681 542 3735 Char.
560 3681 657 3750 p.111,
678 3681 726 3736 23:
753 3681 900 3749 Quando
920 3722 926 3734 .
947 3723 953 3736 .
973 3724 980 3737 .
1000 3682 1128 3749 Varro,
1159 3680 1378 3736 sedetaliifa·

281 3754 360 3808 ciunt
376 3770 428 3808 nec
449 3753 508 3807 sine
526 3754 661 3822 exemplo,
680 3771 743 3806 nam
763 3754 878 3807 Plautus
897 3753 928 3806 in
947 3753 1134 3808 Menaechmis
1156 3753 1254 3822 (1113,
1272 3754 1319 3820 23)
1337 3754 1378 3806 ita

281 3825 322 3878 aii
341 3826 405 3878 ‘non
423 3824 520 3878 habeo.
538 3826 568 3877 ct
587 3829 619 3878 iu
636 3824 745 3892 quaudo
763 3824 886 3892 habebis,
904 3828 964 3877 tum
983 3825 1066 3879 dalo’.
1090 3824 1191 3878 uitium
1203 3827 1298 3878 tamen
1315 3838 1377 3878 esse

279 3913 336 3951 non
355 3896 469 3950 dubium
488 3900 539 3950 esi.
577 3902 610 3964 cs.
629 3895 704 3950 Fert.
723 3895 847 3964 prora.
867 3897 985 3964 quando.

380 3988 421 4041 91.
457 3989 527 4044 Mar.
547 3989 618 4044 Vico.
636 3987 651 4040 I
670 3987 694 4056 1,
712 3988 729 4042 6
747 3987 908 4057 paone:
927 3989 972 4044 Vl
989 3987 1141 4044 Varroni
1160 4029 1166 4042 .
1188 4025 1194 4038 .
1214 3985 1376 4042 .intelle·

365 4172 382 4227 3
402 4166 623 4236 consuetudine]
646 4166 817 4240 cognomine
831 4167 868 4226 N
876 4167 891 4237 ΙΙ
904 4170 1006 4254 mutue
1022 4168 1059 4226 N
1068 4159 1083 4244 ss
1097 4165 1182 4224 docte
1203 4167 1246 4223 sic
1266 4167 1376 4243 pulani

279 4251 315 4311 N
324 4251 339 4320 ΙΙ
362 4255 379 4310 5
401 4251 588 4328 presentibus
614 4250 677 4311 cod.
700 4249 895 4322 θαεεεῑῑαηιω,
922 4252 955 4310 a'n
986 4253 1088 4312 cetero
1114 4251 1257 4310 Varronis
1283 4249 1376 4310 uerba

279 4337 384 4398 demoni
396 4338 443 4408 117
465 4336 627 4395 formianus
650 4338 681 4392 ol
700 4333 859 4394 fundanius
881 4335 925 4394 ait
947 4339 983 4394 ut
1002 4335 1144 4396 uarroN
1156 4336 1172 4406 ΙΙ
