3126 5146
736 499 795 558 123

219 675 439 764 fragmentum
463 674 550 764 quod
571 673 658 739 idem
670 673 701 758 (I
715 674 753 739 16
765 695 796 762 p.
811 672 865 758 13)
877 673 1035 739 librorum
1058 680 1245 742 nostrorum
1265 693 1315 736 uro

219 792 375 872 gemente
394 784 481 852 bene
500 792 613 873 aptum
636 783 770 867 hubet¹)
793 782 835 847 sd
858 781 991 848 cosdem
1012 782 1138 850 referre
1162 788 1196 846 et
1216 801 1314 867 quse·

220 913 295 962 rere
316 894 404 978 licet,
433 915 511 959 nsum
534 893 598 958 elie
621 901 792 980 praeterea
815 891 955 978 uestigia
977 913 1089 956 eorum
1115 889 1203 977 apud
1223 889 1316 956 illuns

217 1003 404 1091 indagando
429 1003 504 1069 sint.
530 1003 598 1068 sine
623 1001 722 1068 dubio
745 1023 825 1067 uero
844 1002 914 1066 huc
930 999 1105 1089 pertinent,
1137 1019 1221 1086 quse
1243 998 1317 1065 1153

218 1137 250 1203 p.
263 1113 342 1198 11,1
360 1114 532 1198 leguntur:
554 1112 651 1201 ‘spud
676 1111 917 1199 antiquissimos
939 1131 1135 1198 graecorum
1156 1129 1224 1174 non
1243 1108 1317 1197 plus

220 1221 364 1288 sedecim
385 1229 479 1286 erent
500 1221 626 1304 literae,
658 1220 775 1305 quibus
796 1219 836 1284 ab
859 1218 925 1284 illis
953 1217 1094 1307 acceptis
1121 1217 1215 1283 latini
1237 1217 1317 1286 anti·

219 1331 375 1417 quitatem
394 1339 609 1396 seruauerunt
627 1338 830 1418 perpetuam.
850 1351 926 1394 num
946 1329 974 1392 si
987 1327 1158 1394 uerissime
1174 1325 1317 1394 uelimus

218 1437 381 1527 inspicere
402 1461 467 1524 eos,
498 1461 565 1504 non
586 1439 660 1526 plus
683 1437 762 1503 duos
786 1436 912 1503 additos
932 1437 968 1502 in
988 1438 1089 1503 lutino
1110 1435 1318 1502 inueniemus

219 1569 386 1614 sermone:
421 1553 446 1620 F
468 1548 646 1614 Aeolicum
666 1547 841 1634 digamma,
861 1547 948 1636 quod
966 1546 1053 1635 apud
1075 1545 1318 1632 antiquissimos

217 1657 393 1728 latinorum
427 1658 565 1723 eundem
587 1658 655 1722 uim
682 1679 779 1743 quem
801 1655 889 1745 opud
913 1656 1030 1723 Aeolis
1052 1655 1166 1722 hebuit
1188 1705 1196 1720 .
1220 1705 1227 1720 .
1256 1707 1265 1720 .
1285 1654 1320 1722 X

220 1766 318 1832 etiem
342 1766 504 1854 duplicem
527 1767 599 1832 loeo
623 1765 705 1834 Ost
726 1758 828 1834 Suel
851 1764 884 1834 G
907 1773 940 1831 et
963 1763 987 1832 S
1012 1774 1127 1854 posteo
1148 1788 1167 1830 a
1191 1763 1318 1851 graecis

220 1875 387 1942 inuentum
404 1875 657 1965 assumpsimus'.
681 1875 818 1964 sdpsret
838 1875 941 1960 igitur
953 1874 1158 1942 Priscianum
1180 1873 1316 1960 eiusque

221 1995 389 2053 auctorem
405 1987 437 2051 V
453 1985 592 2054 eandem
616 1986 759 2051 litteram
780 1994 877 2074 etque
894 1986 918 2046 Y
941 1983 1151 2071 occepissel).
1173 1991 1319 2052 ceterum

222 2095 471 2184 discrepantiam
502 2097 707 2182 antiquorum
737 2103 770 2160 et
799 2095 1018 2162 recentiorum
1046 2093 1228 2163 litterarum
1251 2113 1319 2158 non

221 2213 373 2270 accurate
393 2206 613 2295 persequitur.
654 2207 796 2294 antiquis
818 2201 952 2272 enimO
977 2205 1084 2272 medis
1108 2214 1151 2271 ut
1182 2205 1319 2292 graecis

221 2311 255 2378 K
276 2315 383 2380 tenuis
403 2324 483 2398 eret,
507 2314 627 2381 deinde
640 2316 673 2383 G
692 2315 803 2382 addito
825 2315 854 2382 0
875 2337 936 2405 pro
956 2316 1048 2383 tenui
1069 2317 1263 2402 ponebatur,
1285 2313 1320 2381 K

221 2422 390 2510 paullatim
402 2425 651 2511 neglegebstur,
665 2424 751 2510 quod
761 2424 939 2491 Varronem
950 2423 1210 2514 praetermisisse
1220 2445 1319 2489 nemo

222 2530 345 2614 credet,
369 2531 553 2600 Priscianus
577 2533 796 2623 praetermisit
816 2557 888 2602 cum
911 2533 1036 2600 diceret
1059 2532 1317 2621 (114p.1u‚5)2

219 2638 264 2705 ‘K
286 2649 318 2705 et
334 2641 376 2727 Q,
399 2643 545 2728 quemuis
566 2644 673 2730 figura
696 2651 729 2708 et
750 2643 880 2712 nomine
902 2642 1077 2708 uideantur
1097 2641 1241 2730 aliquem
1262 2640 1319 2705 he·

219 2749 299 2814 bere
322 2749 553 2836 differentiam,
583 2775 658 2817 oum
682 2750 710 2818 Ο
731 2761 839 2817 temen
863 2750 999 2818 cundem
1022 2761 1086 2817 tem
1107 2751 1142 2818 in
1163 2773 1243 2818 sono
1263 2771 1319 2815 uo·

230 2937 404 2948 w

319 3033 346 3104 1)
366 3033 459 3089 Debet
475 3033 588 3104 quidem
605 3034 659 3089 hoo
676 3034 868 3090 testimonium
885 3034 1047 3106 Censorino,
1074 3035 1123 3090 sed
1141 3035 1262 3089 fortusse
1280 3035 1319 3089 sl·

219 3131 312 3183 terum
330 3147 439 3200 quoque
463 3129 588 3198 (fr.103)
616 3149 651 3185 ex
675 3130 798 3186 eiusdem
822 3132 940 3203 sumpsit
963 3132 1037 3188 libro
1065 3131 1257 3203 grammatico,
1283 3131 1319 3193 de

223 3243 278 3296 quo
299 3226 399 3297 p‘erum
418 3231 528 3282 constet
546 3228 581 3283 ci.
600 3226 631 3282 Ο.
643 3229 712 3284 lehn
729 3228 817 3298 praef.
838 3227 949 3284 Censor.
967 3227 1065 3304 pun.

319 3323 345 3392 2)
366 3322 458 3378 Minus
484 3329 571 3394 petet,
604 3325 671 3394 quid
695 3323 838 3380 Gaesarem
871 3325 980 3395 (Pomp.
999 3323 1035 3379 ed
1053 3323 1125 3380 Don.
1143 3321 1206 3379 117
1228 3341 1256 3394 p.
1272 3321 1317 3390 tt)

220 3416 341 3472 mouerit
358 3422 390 3473 ut
407 3419 537 3476 undecim
554 3425 664 3474 tentum
676 3421 786 3475 litteras
799 3421 961 3492 adsignaret
974 3420 1171 3491 antiquissimis
1186 3419 1316 3475 romanis.

220 3513 348 3579 fortusse,
375 3514 399 3568 si
421 3517 480 3569 tam
508 3532 655 3587 peruerses
680 3516 824 3587 opiniones
843 3517 981 3588 explicere
1006 3533 1107 3587 operes
1126 3516 1247 3586 pretium
1264 3521 1317 3584 est,

219 3610 269 3670 hu
287 3609 413 3668 comisto:
441 3609 555 3677 Aulo,
575 3627 641 3668 uem
663 3610 774 3666 Velius
800 3628 910 3681 quoque
928 3611 1055 3668 omisisse
1072 3611 1203 3678 uidimus,
1222 3610 1316 3680 Boo,

219 3723 338 3776 quorum
354 3705 465 3777 singule
481 3707 562 3764 simul
579 3723 630 3777 pro
648 3707 788 3774 tenuibus,
804 3709 851 3763 uel
870 3707 965 3764 tenuis
981 3725 1033 3778 pro
1048 3708 1147 3766 mediis
1165 3709 1258 3778 posits
1276 3727 1319 3765 es·

219 3807 290 3870 sent,
308 3802 441 3862 LMNR.
460 3804 586 3868 resisus,
604 3804 679 3873 quod
695 3804 822 3862 nonnulli
837 3808 870 3860 ut
877 3804 999 3862 Messeis
1008 3804 1144 3862 Ceruium
1163 3806 1208 3873 (ci.
1223 3805 1317 3874 Quint.

218 3899 285 3958 inst.
307 3904 377 3956 orat.
396 3899 509 3968 17‚23.
532 3901 616 3956 Muri.
636 3900 702 3971 Cep.
720 3901 762 3958 111
780 3900 833 3956 245
849 3919 875 3971 p.
887 3900 923 3956 55
943 3900 990 3957 Gr.
1014 3902 1127 3958 Oledon.
1145 3920 1173 3972 p.
1190 3901 1259 3957 1882
1275 3920 1316 3972 sq.

218 3994 305 4054 Prisc.
318 3995 331 4052 Ι
344 3995 381 4052 42
399 4011 425 4066 p.
439 3996 485 4064 32,
495 3997 540 4067 19)
560 3997 671 4054 sibilum
689 4015 750 4054 esse
767 3998 925 4067 uoluerunt,
944 3997 999 4052 nisi
1016 4015 1064 4054 eos
1083 3997 1185 4054 Goesor
1206 4002 1318 4054 secutus

219 4094 276 4160 est,
307 4092 355 4162 qui
379 4092 501 4164 Appium
527 4093 671 4150 Claudium
696 4094 816 4150 Goeoum
844 4093 955 4150 demum
980 4094 1007 4150 R
1022 4094 1162 4152 inuenisse
1182 4095 1321 4166 putabant

220 4187 327 4258 (Pomp.
345 4189 381 4246 de
398 4189 470 4260 orig.
487 4189 540 4244 iur.
556 4189 665 4259 Digest.
683 4189 697 4244 I
712 4189 740 4257 2,
753 4189 780 4254 2,
790 4189 847 4256 36).
867 4188 997 4246 undecim
1013 4190 1123 4246 litteren
1140 4191 1320 4248 Palamedem

217 4281 357 4340 inuenisse
374 4283 464 4340 trudit
482 4284 582 4355 Hygia.
606 4285 662 4342 feb.
675 4282 737 4351 277,
762 4285 811 4340 ubi
830 4283 863 4340 G.
882 4283 904 4340 1.
917 4284 1032 4340 Vossius
1049 4284 1136 4342 Arist.
1158 4286 1220 4344 110
1238 4305 1266 4358 p.
1284 4287 1319 4344 36

218 4377 250 4432 F.
269 4378 410 4435 sexdecim
428 4380 550 4440 scribere
568 4380 677 4449 molus
696 4379 731 4438 oi.
749 4379 781 4438 0.
799 4380 869 4438 Iehu
884 4380 988 4438 Polum.
1007 4399 1035 4451 p.
1047 4381 1091 4438 24.
1113 4423 1115 4430 >
1234 4377 1245 4400 ⁶
