3152 5142
824 471 863 532 ti

292 661 464 731 litterarum,
485 661 518 720 lu
538 677 594 733 quo
617 651 671 734 (cf.
695 652 737 718 A.
759 650 877 717 Nauck
900 652 1003 717 Arist.
1024 652 1104 736 Byz.
1126 650 1166 716 fr.
1188 671 1220 737 p.
1235 644 1306 712 269.
1350 645 1391 710 L.

293 761 441 849 Spengel
464 760 601 826 Emend.
615 761 711 826 Varr.
734 781 765 848 p.
779 762 812 844 l)
837 747 879 827 esl
900 767 1113 840 Aristophanes
1135 770 1163 826 et
1177 763 1389 838 Apollodorus.

294 877 385 958 quae*
398 894 471 936 cum
495 873 719 937 demonstrent
747 881 880 957 praeter
901 870 1187 957 grammaticorum
1209 866 1392 930 Varronem

294 979 391 1042 etiam
413 969 582 1045 Cleanthis
601 978 703 1066 ‘quasi
729 979 886 1043 maiorum
905 979 1051 1062 gentium
1079 977 1179 1041 stoici’
1200 974 1282 1061 (Oia
1304 971 1392 1037 acad.

294 1096 377 1174 post.
390 1087 425 1153 ΙΙ
436 1087 475 1151 41
491 1087 573 1170 126),
597 1087 650 1175 qui
668 1087 797 1173 scripsit
816 1087 891 1168 aspi
903 1089 959 1149 τοῦ
971 1087 1064 1170 λόγου
1083 1088 1185 1153 libros
1201 1094 1268 1150 tres
1287 1083 1337 1164 (L.
1348 1082 1392 1147 D.

293 1191 362 1262 Vll
384 1193 467 1276 175),
501 1191 690 1282 Chrysippi,
713 1195 882 1280 *Antipatri
905 1195 1075 1260 Tarsensis
1097 1193 1258 1280 Diogenis
1274 1191 1391 1276 Baby·

293 1301 373 1366 lonii
396 1301 556 1388 discipuli,
588 1303 643 1389 qui
665 1301 738 1383 arpi
760 1303 880 1378 λέξεων,
894 1301 948 1364 καί
969 1303 1031 1363 τῶν
1054 1302 1228 1384 λεγομὲνων
1250 1300 1392 1387 disputa·

293 1410 348 1474 uit
363 1409 468 1494 (hl).
482 1409 613 1477 VlIbb.
638 1414 678 1477 cf.
701 1411 737 1476 P.
751 1412 793 1477 A.
807 1411 951 1478 Wuillct
974 1413 1018 1476 de·
1038 1410 1152 1498 Antip.
1175 1409 1265 1476 Tars.
1288 1432 1319 1495 p.
1341 1407 1391 1474 69.

294 1519 360 1604 42),
381 1519 484 1584 libros
505 1518 668 1584 lectitasse
689 1528 723 1583 et
744 1519 778 1585 in
800 1520 901 1584 altera
924 1518 1027 1583 triade
1050 1517 1255 1604 singulorum
1277 1515 1394 1580 uerbo-

296 1653 368 1695 rum
391 1628 572 1714 originibus
594 1629 753 1694 destinata
772 1628 970 1710 adhibuisse,
987 1641 1096 1693 nonne
1111 1627 1268 1714 sequitur,
1291 1624 1393 1688 multo

296 1737 401 1824 magis
425 1737 549 1803 eisdem
573 1761 647 1803 eum
668 1761 763 1804 usum
785 1740 885 1805 fuisse
909 1737 942 1802 in
962 1739 1064 1804 triade
1091 1737 1211 1825 priore,
1235 1759 1298 1822 qua
1323 1734 1394 1824 phi-

295 1849 483 1936 losophicae
505 1849 729 1935 etymologiae
752 1851 892 1914 rationes
918 1847 1153 1914 examinandae
1176 1846 1295 1911 erant?
1341 1845 1394 1910 De

186 1983 187 1986 ¹
297 1956 447 2044 analogia
479 1968 511 2022 et
540 1959 701 2023 anomalia
725 1957 990 2044 declinationum,
1024 1981 1103 2046 quas
1128 1955 1270 2021 secunda
1291 1955 1395 2018 hexas

297 2078 425 2152 tractat,
447 2066 579 2134 ‘Graeci
600 2068 771 2155 Latinique
791 2069 893 2136 libros
914 2070 1064 2134 fecerunt
1084 2067 1212 2133 multos’
1238 2062 1337 2149 (VIII
1354 2062 1395 2126 23

297 2201 329 2266 p.
340 2177 426 2259 408),
450 2186 482 2241 ct
497 2177 603 2242 minus
624 2176 845 2242 necessarium
868 2186 937 2240 erat
957 2177 998 2240 ad
1021 2176 1109 2263 ipsos
1132 2174 1308 2239 stoicorum
1327 2170 1396 2233 the-

298 2309 410 2352 sauros
436 2287 624 2373 confugere.
648 2286 750 2351 nihilc
772 2286 880 2352 minus
892 2269 984 2351 uelut
1001 2308 1019 2350 e
1034 2288 1125 2351 fonte
1137 2283 1243 2370 primo
1256 2302 1274 2344 e
1286 2279 1395 2362 Ohr'y-

299 2394 384 2484 sippi
403 2396 496 2461 libris
517 2396 558 2460 de
582 2397 742 2461 anomalia
753 2397 936 2462 Varronem
948 2397 1096 2463 hausisse
1109 2402 1270 2460 testantur
1290 2389 1397 2477 prima

298 2503 373 2568 libri
388 2501 470 2566 'noni
489 2503 609 2569 uerba:
634 2513 747 2570 ...aa
768 2529 823 2584 quo
846 2511 905 2582 fult
919 2510 1030 2580 (iratas,
1052 2511 1160 2569 mobilis
1177 2507 1394 2584 praematuras,

298 2623 350 2693 qui
377 2620 472 2692 fretus
495 2620 718 2696 chrysippo
749 2623 862 2681 lamiae
888 2623 1062 2690 acutissimo,
1096 2623 1147 2695 qui
1176 2619 1298 2692 reliquit
1321 2605 1396 2689 περὶ

301 2718 485 2800 ἀνωμαλίας
507 2731 589 2788 ΙΙΙΙ
599 2730 698 2800 tidros,
723 2735 827 2790 coutra
849 2731 1008 2807 aualopiau
1029 2735 1115 2804 utque
1126 2727 1335 2786 Aristarchum
1356 2727 1399 2782 est

297 2838 400 2922 uiuum,¹
416 2839 468 2896 sed
488 2840 583 2900 itaut
602 2843 715 2914 scripta
734 2841 866 2923 iudicant
885 2843 955 2910 eiua
976 2844 1010 2898 ut
1028 2841 1162 2898 neutrius
1173 2838 1313 2897 uideatur
1323 2849 1395 2908 per·
1439 2905 1445 2916 ο

296 2943 408 3002 uidisse
437 2945 625 3034 uoluulatem,
659 2949 737 3022 quod
768 2952 795 3006 et
818 2945 1003 3022 curassem
1035 2948 1071 3020 de
1096 2945 1305 3021 inaequabiliter
1333 2961 1397 3004 cum

297 3053 401 3112 scribit
416 3057 566 3125 semuouis,
597 3058 782 3129 propositum
801 3055 887 3114 labet
905 3056 1056 3114 ostendere
1076 3057 1182 3116 similis
1201 3073 1249 3114 res
1270 3053 1397 3113 rimami-

299 3159 375 3218 ls'lus
396 3161 496 3219 uerbis
517 3168 544 3222 et
565 3163 716 3221 dissimilis
736 3163 880 3221 amulas
901 3179 960 3222 esse
979 3167 1102 3232 uolatus,
1130 3165 1164 3223 iel
1185 3165 1264 3238 quod
1288 3165 1331 3221 est
1348 3179 1397 3219 ua-

298 3287 373 3339 rum,
399 3272 426 3326 et
435 3265 629 3328 Aristarchus
654 3271 690 3328 de
709 3269 914 3342 aequabilitate
937 3289 1001 3328 otuu
1022 3272 1125 3329 scribit
1147 3267 1185 3343 [et
1204 3270 1240 3327 de
1260 3259 1333 3325 add.
1346 3259 1397 3337 Ρ),

298 3377 456 3436 uerborum
484 3375 705 3436 similitudinem
733 3376 942 3449 quodammodo
978 3368 1049 3456 (Sp.
1072 3378 1268 3449 quarumdam
1295 3371 1338 3454 F)
1367 3378 1399 3433 iu

300 3484 492 3544 declinatione
524 3472 595 3560 (Sp.
616 3482 821 3540 inaltuaticues
837 3475 884 3556 F)
915 3485 998 3555 sequi
1021 3483 1107 3552 iubet,
1141 3482 1239 3555 quoad
1263 3485 1400 3555 patiatur

299 3590 483 3652 cousuetudo.
499 3581 523 3666 ¹)
566 3602 583 3642 e
612 3601 674 3664 quo
705 3591 897 3666 argumento
925 3581 1084 3646 librorum
1114 3581 1397 3669 Chrysippeorum

302 3768 499 3778 ...—-—-·---—

401 3878 428 3947 1)
448 3878 480 3931 In
498 3844 551 3931 hcc
571 3876 632 3930 loco
652 3875 798 3930 scribendo
818 3876 849 3930 L.
870 3875 1056 3945 Spengeiium
1074 3875 1109 3930 ds
1138 3875 1243 3930 emend.
1263 3880 1315 3929 rat.
1333 3874 1397 3928 libr.

301 3975 381 4031 Varr.
400 3975 435 4028 de
454 3976 471 4028 l.
482 3975 499 4027 l.
518 3993 545 4043 p.
559 3975 584 4042 9,
604 3974 652 4042 qui
670 3975 736 4028 olim
755 3973 790 4028 de
809 3974 907 4028 eodem
924 3975 987 4026 loco
1005 3973 1034 4026 iu
1051 3972 1129 4026 Iahni
1147 3973 1237 4026 annal.
1258 3971 1330 4026 1834
1346 3971 1400 4040 pl

302 4076 407 4143 egerat,
426 4076 536 4126 secutus
556 4089 615 4124 sum
636 4075 833 4140 praeterquam
851 4071 931 4137 quod
944 4070 1095 4139 simplicius
1109 4069 1257 4123 uidebatur
1268 4087 1283 4122 e
1295 4068 1400 4122 codicis

301 4168 395 4224 uerbis
414 4172 514 4223 struitis
535 4189 578 4222 res
595 4170 774 4222 dissimilibus
793 4169 883 4222 uerbis
904 4181 929 4221 et
948 4170 1125 4221 dissimilibus
1145 4169 1248 4219 similes
1269 4185 1328 4218 esse
1347 4185 1400 4218 sso-

301 4269 407 4322 oalatis
425 4278 533 4320 uolatus
551 4262 581 4317 id
598 4260 673 4331 quod
691 4279 776 4331 supra
793 4261 875 4332 posui
893 4261 1012 4331 efficere,
1040 4279 1122 4330 quam
1146 4260 1220 4329 quod
1238 4259 1402 4330 Spengclius

301 4363 391 4417 uoluit
411 4362 533 4431 [similis]
555 4381 598 4413 ras
619 4362 765 4414 dissimiles
785 4363 918 4413 similibus
937 4364 1037 4426 uerbis,
1059 4371 1083 4412 et
1102 4361 1279 4412 dissimilibus
1298 4360 1401 4412 similas
