3140 5148
802 446 862 504 198

234 631 288 696 68*
373 622 619 690 consideranda
645 631 821 712 praeterea
851 623 887 688 in
920 622 1033 689 metris
1068 623 1140 688 cole
1169 641 1253 710 quea
1273 620 1383 688 'latine

287 731 445 817 membro,
466 732 545 798 item
569 755 707 815 comma,
731 731 819 816 quod
842 753 975 798 caesum
1002 755 1021 798 e
1048 731 1144 798 nobis
1170 730 1306 820 proprie
1333 731 1382 796 di-

284 838 380 925 citur,
399 844 405 922 Ι
424 861 563 926 quorum
585 839 769 906 differentia
800 839 874 906 talis
908 849 967 906 est.
1011 839 1106 905 colon
1128 849 1177 906 est
1198 841 1381 905 membrum

285 945 373 1034 quod
399 945 499 1014 finitis
521 956 647 1016 constat
677 947 827 1036 pedibus,
859 971 985 1014 comma
1018 957 1126 1014 autem
1160 947 1195 1012 iu
1227 970 1291 1034 quo
1323 947 1381 1012 uel

285 1078 361 1148 pars
393 1055 487 1147 podis
523 1066 583 1123 est.
616 1058 621 1142 Ι
651 1068 760 1146 partes
787 1080 867 1145 ergo
899 1051 1015 1122 uersus
1049 1079 1123 1122 cum
1157 1077 1195 1121 ea
1218 1081 1281 1144 qua
1303 1071 1411 1127 con-5

285 1163 415 1231 iunctus
438 1174 507 1231 erat
528 1175 622 1257 parte
644 1165 845 1250 dissoluitur,
865 1165 938 1232 cola
962 1165 1119 1250 efficient,
1142 1187 1216 1232 oum
1239 1188 1319 1232 uero
1343 1188 1382 1231 ea

286 1294 350 1359 qua
371 1271 561 1341 coniunctus
593 1284 663 1340 erat
690 1284 783 1362 parte
813 1274 1000 1360 absciditur,
1031 1274 1192 1363 particula
1222 1295 1305 1360 quae
1336 1275 1382 1341 di-

286 1381 379 1447 uolsa
400 1403 442 1447 ox
464 1403 502 1448 eo
519 1392 569 1449 est
585 1406 710 1449 comma
725 1384 869 1450 dicetur:
892 1393 927 1449 ut
949 1383 985 1448 in
1005 1383 1071 1449 illis
1090 1406 1205 1450 uersus
1226 1383 1383 1468 soluatur,

284 1486 319 1558 ia
340 1489 390 1556 his
408 1488 573 1560 caedatur.
597 1515 700 1558 enam
713 1491 878 1580 periodus,
890 1513 972 1582 quae
991 1492 1092 1560 latina
1113 1492 1383 1582 interpretatione

285 1596 440 1665 circuitus
451 1600 508 1668 uel
520 1601 659 1668 ambitus
670 1611 816 1688 uocatur,
824 1601 867 1684 [id
880 1611 929 1668 est
942 1601 1134 1694 compositio
1148 1601 1270 1688 pedum
1280 1601 1380 1668 trium
1393 1626 1427 1681 10

284 1709 341 1776 uel
362 1718 512 1795 quattuor
531 1711 587 1777 uel
608 1711 824 1800 complurium
850 1711 1004 1778 similium
1033 1720 1129 1798 etque
1162 1708 1382 1792 dissimilium]

286 1815 383 1886 adid
405 1818 536 1889 rediens
557 1820 646 1888 unda
668 1822 839 1887 exordium
867 1820 1015 1910 sumpsit,
1045 1819 1127 1888 sieut
1158 1819 1315 1908 temporis
1335 1820 1384 1888 lu·

287 1927 457 1993 atrumuel
470 1951 636 1995 sacrorum
653 1929 806 1996 trieteris.
826 1931 871 1995 ite
887 1939 919 1995 et
930 1931 964 1996 in
975 1929 1145 2018 poematis,
1166 1929 1295 2015 quando
1317 1951 1385 1993 non

386 2084 446 2138 68⁴.
483 2084 553 2140 Mar.
572 2087 645 2142 Vict.
663 2087 680 2140 Ι·
694 2087 738 2154 13,
758 2087 773 2141 1
792 2105 819 2158 p.
832 2086 958 2142 2497P.:
989 2087 1260 2142 consideranda
1277 2104 1383 2158 prae·

286 2157 388 2210 terea
406 2195 413 2210 .
433 2197 438 2208 .
460 2158 633 2227 .proprio
653 2158 801 2224 dicitur,
825 2158 855 2212 id
881 2165 924 2213 est
950 2163 1075 2213 extrema
1094 2163 1123 2213 et
1144 2159 1244 2229 exigua
1266 2175 1332 2228 pars
1352 2159 1383 2213 in

286 2226 391 2292 metris,
410 2242 541 2281 mensura
559 2229 634 2282 enim
657 2246 707 2283 seu
730 2230 828 2284 modus
852 2234 1006 2285 metrorum
1031 2230 1190 2284 huiusmodi
1220 2229 1382 2299 accipietur,

287 2313 352 2353 uam
367 2302 522 2354 extremum
545 2298 576 2353 in
596 2298 640 2354 his
669 2307 752 2368 etque
777 2301 912 2368 ultimum,
941 2302 1015 2370 quod
1040 2319 1123 2356 mono
1141 2305 1253 2355 metron
1270 2301 1382 2369 dicitur,

288 2371 399 2424 constat
422 2387 456 2423 ex
482 2387 537 2424 uno
562 2372 642 2440 pede,
667 2371 818 2425 maximum
842 2389 910 2425 uero
928 2389 1014 2441 usque
1037 2373 1073 2426 ad
1092 2372 1238 2442 periodum
1257 2372 1384 2426 decama-

287 2443 363 2498 arum
388 2439 557 2510 porrigetur,
586 2459 733 2510 quorum
758 2442 1001 2500 differentia.
1021 2483 1026 2497 .
1047 2484 1053 2498 .
1072 2443 1173 2513 pedis
1191 2447 1257 2500 est.
1301 2445 1384 2497 erunt

290 2510 384 2580 itaque
403 2511 464 2565 cola
481 2511 634 2584 particulae
653 2515 808 2568 solutorum
819 2518 981 2582 metrorum,
992 2518 1024 2571 ut
1040 2515 1124 2572 ‘arma
1137 2514 1282 2588 uirumque
1294 2513 1383 2572 ca-no'.

289 2579 377 2642 omnis
393 2587 487 2640 autem
505 2600 602 2638 uersus
621 2582 690 2638 κατὰ
706 2583 737 2640 τὸ
756 2587 886 2640 πλεῖστον
904 2585 935 2638 in
952 2585 1007 2640 duo
1026 2585 1088 2642 cola
1104 2584 1247 2654 diuiditur,
1269 2585 1384 2642 abusiue

288 2657 382 2708 eutem
401 2658 430 2708 et
448 2670 555 2712 comma
569 2653 673 2709 dicitur
690 2657 779 2712 colon.
820 2657 863 2711 his
888 2656 998 2724 quidem
1028 2657 1182 2727 adiungunt
1206 2656 1326 2711 stichum
1352 2655 1383 2712 id

290 2727 334 2778 est
351 2740 463 2780 uersum
481 2726 532 2779 sub
551 2725 707 2781 huiusmodi
731 2726 896 2796 differentia,
918 2732 950 2781 ut
976 2728 1012 2782 sit
1032 2745 1129 2782 versus
1150 2728 1198 2798 qui
1215 2727 1324 2784 excedit
1342 2727 1383 2782 di-

287 2798 415 2862 metrum,
433 2795 507 2850 unde
525 2799 553 2850 et
571 2795 776 2852 hemistichium
796 2797 907 2865 dicitur,
924 2799 1005 2854 colon
1025 2804 1118 2853 autem
1136 2802 1165 2853 et
1184 2815 1292 2854 comma
1308 2798 1384 2853 intra

287 2863 444 2922 dimetrum.
481 2865 536 2919 erit
553 2867 648 2938 itaque
667 2869 748 2924 colon
769 2886 832 2924 cum
849 2869 976 2938 integrae
995 2869 1101 2924 fuerint
1120 2869 1254 2940 syzygiae,
1276 2885 1384 2925 comma

285 2952 353 2990 uero
372 2952 436 2990 cum
453 2935 638 3006 imperfectae.
676 2940 790 3010 proprie
809 2941 1015 3010 autem-graeci
1035 2940 1096 2995 cola
1115 2940 1220 3007 dicunt,
1237 2957 1382 3009 quaecum·

288 3024 341 3076 qne
362 3008 436 3062 circa
454 3007 597 3062 iuncturas
617 3015 666 3065 aut
687 3015 764 3064 artus
784 3015 915 3080 porrecta
938 3015 1004 3064 sunt
1029 3011 1058 3064 in
1076 3011 1279 3096 longitudinem
1299 3028 1383 3064 mem-

286 3077 346 3145 bra,
366 3079 440 3132 unde
460 3079 609 3148 Euripides
628 3084 682 3134 ‘nal
701 3083 773 3136 κῶλα
792 3075 887 3141 κώλοις
902 3077 1053 3153 τετράπουν
1068 3082 1248 3155 μιμησομαι’,
1269 3081 1385 3137 brachia

286 3149 394 3204 scilicet
412 3154 441 3204 et
458 3149 569 3204 femina.
611 3167 628 3200 ι
647 3152 720 3206 unde
745 3153 852 3209 dictum
870 3156 954 3225 μέλος
979 3151 1054 3223 (titra'
1078 3154 1151 3208 unde
1175 3153 1282 3210 dictum
1299 3156 1384 3226 μέλος

285 3219 400 3274 brachia
417 3237 455 3274 sc.
474 3221 594 3284 etiem.)
614 3241 631 3274 ι
654 3223 757 3279 necin
782 3227 871 3280 nestro
891 3244 915 3277 ι.
956 3225 1029 3292 apud
1057 3225 1189 3296 quosdam
1216 3225 1286 3280 haec
1310 3242 1385 3280 com-

287 3290 408 3344 muniter
424 3293 495 3362 μέλη
513 3292 698 3362 appellantur,
718 3311 788 3362 quae
808 3313 859 3349 nos
878 3295 1002 3348 carmina
1015 3295 1233 3364 interpretamur
1253 3300 1281 3352 et
1300 3313 1385 3354 mem·

286 3361 346 3428 bra,
366 3360 431 3434 quia
451 3365 533 3432 (quae
552 3363 584 3434 P)
601 3367 672 3436 μέλη
689 3365 784 3436 graeci
802 3364 891 3420 diuisa
907 3367 1096 3422 membrorum
1114 3371 1224 3422 uocant.
1261 3371 1385 3437 partes

287 3447 372 3503 ergo
391 3473 397 3486 .
418 3473 424 3487 .
446 3439 505 3488 ‚et
520 3436 698 3492 uersibus.
718 3435 861 3504 Aphthon.
874 3436 961 3508 p.241
974 3437 1020 3492 G.:
1040 3443 1151 3494 constat
1171 3441 1256 3511 μέλος
1273 3438 1335 3496 colo
1355 3443 1385 3497 et

288 3508 432 3558 commate.
470 3506 551 3560 colon
572 3510 615 3560 est
633 3507 768 3575 quaedam
785 3525 852 3578 pare
871 3508 1006 3563 orationis
1024 3508 1135 3578 integra
1152 3510 1256 3580 pedum
1274 3527 1385 3579 compo·

287 3573 388 3633 sitione
406 3575 562 3644 coniuncta,
581 3577 658 3636 cuius
677 3595 742 3646 pars
761 3595 869 3632 comma
886 3579 998 3633 dicitur.
1037 3584 1119 3633 erunt
1131 3580 1225 3650 itaque
1239 3583 1300 3636 cola
1319 3597 1385 3652 par-

285 3643 388 3700 ticulae
406 3637 560 3706 solutdrum
585 3652 737 3704 metrorum
762 3649 917 3719 dumtaxat,
939 3667 1003 3704 cum
1028 3649 1155 3722 integrae
1178 3651 1283 3708 fuerint
1309 3669 1385 3722 syzy-

285 3803 288 3810 ·
388 3790 403 3844 1
428 3791 518 3848 totum
538 3791 591 3850 boe
612 3791 774 3865 capitutum
793 3795 880 3851 nimis
895 3793 1044 3851 turbatum
1065 3797 1141 3854 certo
1163 3797 1312 3855 emendari
1332 3813 1382 3854 ne»

286 3870 366 3946 quib·
385 3888 459 3944 quae
478 3891 557 3936 nuta
578 3891 672 3948 supra
687 3875 832 3950 beantur,
851 3875 1038 3936 Wacbsmutlr
1049 3880 1205 3937 constituit.
1229 3879 1382 3938 P=ood.

285 3951 444 4018 Parisinus
454 3958 535 4018 7539
545 3957 677 4030 (membr.
691 3975 766 4020 suar.
781 3959 909 4030 forsitan
925 3957 1044 4032 VIIII)
1055 3959 1209 4032 Gctsfordi
1221 3964 1269 4032 112
1294 3959 1385 4042 quod]

287 4056 362 4114 quae
377 4035 430 4109 ΡΙΙ
446 4039 464 4098 5
487 4058 553 4098 cum
574 4061 611 4101 ea
631 4035 727 4120 eaPll
743 4045 759 4100 6
775 4042 933 4100 disoluitur
947 4039 1001 4122 Pu
1015 4041 1146 4104 efficitP
1156 4046 1170 4114 ΙΙ
1187 4050 1204 4104 9
1227 4043 1389 4106 cedaturP

288 4142 306 4176 s
325 4121 408 4196 nam]
429 4140 472 4185 ec.
487 4142 535 4205 pr.
545 4125 658 4203 poteria
680 4125 890 4188 consideranda
909 4145 986 4186 nunc
1000 4118 1016 4207 ΙΙ
1030 4125 1118 4204 quae]
1131 4130 1218 4205 quiP
1228 4122 1245 4207 ΙΙ
1260 4134 1294 4189 11
1311 4148 1386 4188 oom-

285 4203 403 4343 plurem
415 4207 445 4269 P
455 4208 470 4280 ΙΙ
484 4205 746 4278 abdisaimiliumP
755 4213 771 4280 ll
788 4211 825 4272 12
848 4210 1029 4290 temporibus
1040 4213 1070 4276 Ρ
1080 4207 1096 4294 ΙΙ
1112 4214 1148 4276 13
1171 4213 1323 4286 tristanti,
1335 4213 1384 4272 uel

298 4305 316 4343 n
328 4285 358 4345 P
373 4306 450 4348 corr.
468 4289 577 4350 Vseaer
590 4293 605 4363 ΙΙ
