3152 5142
726 505 743 570 3

286 692 666 758 Alexandrinorum
697 691 1060 779 giammaticorum
1084 699 1116 754 et
1138 691 1287 776 Perga·

189 823 399 866 manorum
423 801 527 867 studia
548 802 710 867 artissime
735 825 809 867 curn
831 811 900 868 arte
915 800 1028 866 critica
1045 821 1170 864 conexa
1185 807 1287 862 erant.

186 915 222 974 ut
242 910 282 974 de
307 910 446 997 singulis
469 919 638 999 poetarum
661 911 741 976 loeis
761 909 906 978 iudicare
927 918 1070 997 possent,
1095 909 1189 994 leges
1205 927 1287 992 quae

186 1019 333 1107 linguam
346 1031 504 1107 regerent
515 1023 804 1108 perscrutabantur
827 1030 859 1084 et
881 1019 1134 1085 deliberationes
1157 1039 1231 1082 suas
1252 1016 1287 1081 in

187 1138 356 1216 poetarum
381 1129 623 1194 commentariis
652 1128 818 1212 uariisque
844 1127 1125 1192 dissertationibus
1148 1124 1286 1214 perseri-

186 1237 317 1320 bebant,
342 1247 374 1302 et
394 1237 457 1302 hoc
474 1237 571 1302 modo
593 1238 752 1303 immensa
768 1237 902 1303 materia
918 1237 1095 1302 multorum
1112 1233 1288 1320 sagacitate
1375 1263 1377 1268 ·

188 1356 220 1410 et
252 1346 423 1433 diligentia
442 1347 612 1435 paullatim
641 1356 838 1434 pertractata
866 1346 1069 1412 uberrimum
1099 1345 1287 1410 thesaurum

188 1456 677 1542 singularum‘obscruationum
708 1457 749 1521 dc
772 1458 949 1521 uerborum
976 1455 1010 1520 ui
1035 1453 1162 1541 origine
1185 1451 1285 1516 decli·

187 1564 318 1628 natione
340 1563 569 1631 coniunctione
592 1567 837 1630 coaceruabant.
859 1565 899 1628 ab
922 1565 973 1628 his
986 1563 1126 1651 profecti
1140 1561 1288 1648 singulas

188 1673 395 1761 quaestiones
414 1673 528 1738 ordine
549 1675 628 1739 etin
644 1673 720 1741 artis
734 1675 863 1740 modum
882 1674 1136 1762 exponebant1).
1159 1657 1288 1758 scripsit

186 1786 250 1850 iam
270 1785 509 1874 Aristophanes
542 1785 720 1870 Byzantius
751 1786 792 1850 de
823 1783 973 1870 analogia
983 1783 1029 1870 ²),
1064 1780 1289 1868 Apollodorus

188 1894 402 1959 Atheniensis
415 1894 600 1960 Aristarchi
623 1893 802 1981 discipulus
819 1892 926 1978 (said.
940 1888 1198 1974 Ἀπολλόδωρος)
1216 1887 1290 1968 napi

188 2002 402 2085 ἐτυμολογιῶν
424 2002 562 2092 (Athen.
583 2005 637 2072 XI
658 2005 763 2094 pesa
776 2006 817 2070 A.
842 2005 878 2070 ll
903 2028 933 2090 p.
946 2003 1041 2072 63D.
1065 2001 1121 2086 al.)
1153 2001 1287 2084 eiusque

189 2113 335 2198 aequalis
346 2115 535 2182 Demetrius
548 2116 647 2182 Ixion
661 2112 932 2196 ἐτυμολογούμενα
946 2114 1082 2198 (Athen.
1096 2112 1148 2178 ΙΙΙ
1159 2135 1190 2199 p.
1203 2109 1287 2173 7413.

196 2281 390 2288 -a——u——ss-

249 2367 252 2374 ’
289 2373 317 2442 1)
335 2373 395 2428 Hoc
413 2375 475 2428 loco
494 2373 563 2428 haec
582 2374 710 2443 tetigisse
729 2377 758 2428 et
780 2373 951 2449 contrariam
969 2375 1108 2428 rationem
1126 2371 1292 2426 Alexandri·
1335 2349 1338 2353 Ι

187 2488 288 2524 norum
307 2473 335 2524 et
355 2471 508 2526 stoicorum
527 2471 699 2541 significasse
720 2473 787 2526 satis
806 2475 857 2526 est.
877 2490 930 2540 qua
947 2471 976 2524 in
992 2487 1023 2525 re
1043 2469 1140 2538 quanti
1157 2468 1292 2522 momenti

188 2568 225 2620 ad
247 2567 340 2621 studia
364 2569 609 2638 grammaticorum
634 2569 863 2639 philosophorum
888 2569 1003 2622 inuenta
1028 2567 1141 2634 fuerint,
1168 2582 1213 2620 me
1232 2581 1288 2618 non

188 2664 271 2734 fugit.
292 2664 341 2719 sed
361 2665 430 2719 haec
447 2670 480 2718 ut
499 2666 592 2720 omnis
610 2666 740 2736 longiora
757 2665 1007 2735 praetermittenda
1026 2670 1115 2720 erant.

290 2761 318 2830 2}
339 2761 374 2815 cf.
392 2761 426 2817 A.
445 2762 544 2818 Nauck
561 2762 705 2831 Aristoph.
725 2763 789 2830 Byz.
808 2763 907 2833 fragm.
927 2781 954 2832 p.
966 2761 1027 2818 267.
1063 2761 1179 2817 Charisii
1198 2761 1292 2816 locum

190 2876 219 2926 p.
230 2857 282 2909 116
304 2861 432 2930 specialia
452 2861 605 2930 (asclepio)
626 2871 675 2926 cat,
694 2880 762 2930 quac
781 2872 918 2931 spectatur
936 2881 1006 2914 nureo
1025 2865 1054 2914 t'n
1078 2862 1156 2914 robus
1175 2879 1244 2912 cauae
1263 2863 1293 2911 in

190 2956 351 3009 dictionibus
372 2954 476 3022 (Christ
493 2955 624 3009 miinchn.
641 2956 695 3026 gel.
707 2974 764 3020 anz.
786 2956 854 3011 1859
872 2975 899 3027 p.
912 2956 964 3009 221
986 2974 1001 3010 e
1019 2956 1187 3022 Donatiano‚
1205 2959 1292 3008 ratic·

190 3052 268 3103 nitus
285 3049 345 3103 eod.
356 3050 454 3119 Neap.)
474 3064 618 3121 cccapctc,⁸
637 3057 682 3105 cui
692 3055 790 3124 Gracci
808 3055 913 3107 modum
931 3057 1011 3107 iatius
1029 3053 1101 3106 modi
1119 3053 1292 3106 condiderunt

189 3142 323 3216 ἀναλογία
342 3148 417 3202 ἐστὶν
433 3144 579 3220 συμπλοκὴ
596 3143 687 3218 λόγων
703 3143 864 3204 ἀὶεολοὺθων
877 3151 907 3204 ἐν
920 3152 995 3209 λέξει.
1024 3152 1085 3204 huic
1096 3151 1292 3219 Aristophanes

166 3299 168 3303 .
191 3251 307 3316 quinque
325 3250 446 3301 rationes
465 3249 538 3301 dedit
560 3251 605 3302 acal
624 3259 654 3301 ut
671 3249 724 3301 alii
743 3259 839 3320 pectant
856 3267 919 3316 ατς
943 3252 1031 3320 primo
1050 3259 1079 3301 ut
1101 3247 1217 3300 eiusdem
1240 3249 1295 3298 sint

190 3347 297 3413 pencris
315 3345 346 3398 dc
372 3339 466 3414 pullus
484 3348 641 3414 quaeritur,
667 3345 729 3397 dein
753 3365 840 3410 casas,
869 3357 924 3399 taam
950 3349 1047 3410 caitus,
1073 3354 1169 3413 quarto
1188 3347 1293 3396 cnumcri

192 3441 370 3509 syllabarum,
397 3445 462 3493 itam
486 3446 545 3494 soni
570 3457 671 3493 uereor
698 3444 730 3492 ut
757 3445 833 3494 recte
865 3439 977 3494 Curtius
1007 3437 1189 3492 Wachsmuth
1218 3453 1296 3490 meus

193 3535 228 3589 de
249 3536 444 3590 OrateteMall.
455 3555 482 3606 p.
494 3537 526 3590 11
547 3537 722 3607 explicuerit.
741 3555 828 3606 genus
847 3537 921 3590 enirn
940 3537 1025 3590 ctiam
1042 3537 1071 3589 in
1081 3523 1215 3590 Varronis
1233 3534 1296 3585 loco
1378 3548 1380 3556 ’

192 3648 276 3700 quem
303 3633 413 3687 confert
436 3633 462 3686 X
477 3633 511 3686 21
531 3651 558 3702 p.
573 3634 626 3688 556
654 3651 689 3686 ex
713 3634 765 3688 Ed.
783 3633 936 3688 Luebberti
961 3631 1154 3686 emendatione
1170 3628 1296 3698 .(thcs.V

193 3733 302 3796 quaest!
319 3728 417 3798 pontii.
438 3729 513 3798 adn.)
538 3729 568 3782 id
592 3733 635 3782 est
654 3730 728 3798 quod
746 3731 783 3784 M.
805 3729 952 3784 Terentius
978 3728 1117 3783 interdum
1137 3743 1232 3781 sexum
1249 3741 1297 3777 no·

194 3829 250 3879 cat.
276 3841 356 3880 casus
386 3829 477 3879 autem
499 3825 567 3879 lieet
591 3843 608 3879 a
626 3827 751 3882 Varrone
770 3841 968 3895 nonuunquam
987 3824 1157 3895 generaliter
1175 3821 1297 3892 positum

194 3921 242 3986 sit,
261 3921 415 3976 aRomano
433 3923 520 3977 multo
538 3925 695 3993 posteriore
715 3942 767 3978 nec
786 3923 901 3978 indocto
920 3923 1068 3992 scriptore,
1088 3921 1133 3974 eui
1151 3920 1219 3972 haec
1231 3917 1298 3971 Cha-

194 4017 277 4072 risius
297 4020 389 4088 debet,
416 4021 469 4076 hoo
488 4023 570 4076 modo
589 4021 719 4092 usurpari
738 4041 795 4076 non
814 4023 907 4090 potuit
926 4021 949 4074 si
965 4019 1092 4089 intellegi
1110 4015 1209 4070 uoluit.
1236 4015 1299 4068 reli·

195 4131 252 4184 qua
277 4133 341 4170 cum
366 4118 508 4186 generalia
534 4118 591 4172 sint
609 4122 638 4172 et
657 4119 746 4172 Varro
764 4135 874 4188 quoque
895 4119 914 4172 l.
934 4137 955 4172 s.
976 4117 1010 4170 de
1029 4115 1171 4170 nominum
1188 4117 1299 4168 tantum

196 4211 327 4282 analogia
344 4214 483 4282 loquatur,
504 4215 609 4267 nullam
627 4214 831 4268 dubitationem
850 4217 973 4279 mouent,
993 4213 1027 4266 de
1047 4211 1143 4264 eadem
1163 4211 1208 4277 (cf.
1221 4211 1299 4264 Varr.

197 4308 233 4362 de
251 4307 881 4381 1.1.V11113p.401)anacephanumagiase3
900 4306 1016 4378 quodsi
1034 4307 1115 4360 huius
1135 4305 1300 4374 disciplinae

197 4424 363 4477 progressus
383 4411 502 4476 spectas,
521 4427 577 4462 non
596 4408 697 4462 nullius
716 4409 850 4462 momenti
870 4411 920 4460 est.
