3126 5146
800 417 858 472 128

281 617 312 680 p.
329 593 391 656 417
417 603 449 658 a
469 590 654 656 anenata
678 591 719 656 aa
745 591 896 658 ciceron.
923 593 964 658 ae
986 604 1065 659 aa.
1078 595 1112 660 n
1134 595 1187 674 aa,
1200 597 1240 661 94
1262 597 1328 662 uol.
1344 575 1401 662 11'

281 726 313 789 p.
325 701 386 765 217
396 723 443 786 sq.
468 722 565 786 quam
588 703 628 767 ob
648 725 777 766 cansam
805 703 945 768 dubitari
971 704 1086 788 nequit
1102 705 1179 788 quin
1192 703 1310 771 Marius
1320 706 1376 770 Vi-

282 809 425 874 ctorinus
447 811 509 892 14,
529 811 566 873 71
591 810 727 875 eandem
751 809 909 876 Varronis
933 813 1126 876 sententiam
1151 813 1221 878 siue
1244 835 1376 900 expres-

281 918 360 984 serit
381 919 450 983 siue
473 919 703 1006 interpretatus
727 919 778 1002 sit,
802 943 874 984 cum
897 919 1036 1007 ‘anceps’
1067 931 1100 984 et
1130 920 1246 984 similia
1276 923 1397 987 uerba-

281 1050 340 1116 per
368 1027 429 1094 ΝΟ
453 1049 519 1092 non
544 1025 608 1093 GC
637 1026 734 1092 scribi
765 1026 838 1091 ideo
871 1028 962 1092 iubet
992 1031 1139 1108 ‘quoniam
1159 1080 1165 1093 .
1189 1080 1195 1092 .
1222 1037 1378 1106 .fomo'iio·

281 1146 346 1204 rior
365 1148 408 1202 est
434 1144 557 1202 naribus
577 1145 686 1202 uostris
704 1143 742 1203 N
753 1145 854 1218 potius
874 1161 962 1217 quom
986 1139 1032 1204 θ’.
1076 1139 1256 1204 rectissime
1277 1139 1378 1225 igitur

280 1245 478 1312 Ritschelius
500 1265 586 1308 mon.
602 1245 706 1332 epigr.
721 1253 761 1309 tr.
774 1269 805 1332 p.
820 1245 862 1310 24
886 1245 931 1309 sic
950 1245 1059 1310 locum
1083 1247 1229 1332 scripsit:
1251 1257 1328 1327 quod
1347 1257 1380 1313 in

280 1363 333 1422 hoc
353 1363 506 1420 ueritatem
525 1359 614 1431 focile
635 1359 737 1418 uidere
759 1360 1051 1429 maledictionem.
1082 1375 1125 1418 ex
1138 1355 1195 1418 illa
1207 1378 1286 1419 uero
1305 1379 1378 1419 con·

280 1463 449 1551 paratione
469 1462 580 1547 graeci
603 1461 760 1526 sermonis
783 1471 816 1526 et
838 1462 940 1546 latini,
961 1465 1054 1528 facile
1078 1475 1126 1530 est
1148 1466 1318 1530 intellectu
1344 1466 1376 1528 in

281 1574 343 1639 hoc
363 1572 447 1638 libro
470 1593 538 1638 non
559 1593 732 1636 numerum
756 1580 788 1634 et
802 1571 971 1637 historiam
985 1573 1177 1658 litterarum,
1188 1584 1225 1638 ut
1237 1575 1271 1639 in
1285 1574 1378 1641 libris

281 1683 322 1747 de
354 1680 470 1769 quibus
494 1678 591 1744 modo
621 1675 701 1761 dixi,
735 1689 945 1765 persecutum
979 1702 1050 1744 esse
1081 1683 1284 1767 scriptorem,
1321 1683 1377 1746 sed

282 1791 363 1878 quid
387 1789 565 1876 antiquitus
591 1789 721 1873 utrique
753 1789 886 1875 linguae
918 1812 1089 1855 commune
1111 1785 1215 1856 'fuerit
1245 1792 1377 1856 inuesti-

282 1923 390 1988 gesse‚
413 1901 500 1988 quod
523 1899 634 1986 quanti
657 1900 812 1965 momenti
836 1900 879 1964 sit
891 1899 932 1964 ad
949 1901 1092 1986 origines
1107 1903 1242 1988 linguae
1258 1903 1378 1968 latinae

280 2011 483 2097 indagandas
501 2010 711 2074 menifestum
737 2017 795 2073 est.

330 2159 336 2170 ι
382 2119 467 2185 Cum
491 2118 553 2183 hoo
579 2127 773 2202 argumento
798 2118 920 2205 optime
941 2118 1151 2203 conueniunt,
1181 2141 1262 2204 quae
1285 2119 1378 2185 Ioan·
1422 2177 1430 2184 .

283 2251 343 2294 nes
363 2228 478 2314 Lydus
494 2227 518 2312 ¹)
549 2226 589 2291 de
611 2226 757 2312 magistr.
780 2227 842 2292 15
873 2228 1009 2313 profert,
1040 2227 1214 2293 Romulum
1244 2230 1378 2315 eiusque

281 2337 434 2425 aequales
454 2338 540 2402 bene
558 2335 711 2412 calluisse
732 2357 919 2401 sermonem
941 2351 1109 2421 graecum,
1135 2359 1254 2425 nempe
1277 2339 1376 2403 aeoli·

282 2471 365 2527 cum,
388 2466 486 2534 quem
498 2443 654 2511 Euander
665 2443 770 2509 Arcas
787 2445 840 2524 (cf.
864 2445 905 2508 de
928 2445 949 2510 l.
963 2444 1078 2535 ivm
1106 2470 1137 2533 p.
1147 2449 1202 2528 31)
1226 2447 1261 2512 in
1283 2448 1379 2514 Italia

282 2556 520 2646 paruolgasset.
544 2551 718 2618 tradidisse
741 2552 822 2616 haec
833 2553 1015 2617 Varronem
1029 2550 1081 2614 τόν
1093 2555 1379 2633 πολυμαθέστατον

283 2666 366 2732 dicit
389 2665 421 2730 ἐν
446 2662 626 2744 προοιμίοις
647 2663 710 2724 τῶν
732 2659 813 2742 πρὸς
834 2662 1008 2744 Πομπήιον
1032 2663 1120 2748 αὐτῷ
1141 2665 1379 2748 γεγραμμένων.

281 2775 368 2841 unde
390 2773 481 2859 sequi
502 2773 634 2838 uidetur
647 2772 751 2838 libros
769 2784 896 2838 nostros
911 2773 1105 2862 Pompeioll
1128 2775 1242 2840 missos
1266 2775 1377 2840 fuisse.

284 2889 481 2902 „....—..-..

384 2947 411 3014 1)
434 2947 542 3016 Lydum
559 2948 633 3002 hunc
653 2949 745 3002 locum
766 2948 877 3003 scholiis
895 2949 1062 3018 Vergiliani·
1083 2951 1184 3004 debere
1204 2950 1340 3003 iudicauit
1358 2949 1379 3001 Ι.

281 3045 315 3099 F.
335 3044 463 3100 Schultze
482 3048 586 3114 quaest.
597 3042 688 3112 Lydi
708 3061 735 3113 p.
747 3043 788 3098 17.
799 3043 842 3113 43,
859 3045 941 3112 quod,
963 3046 1088 3113 quamuis
1106 3047 1198 3114 ipsum
1213 3044 1381 3114 Diogeniani

283 3141 417 3197 Varronis
437 3140 550 3194 Catonis
569 3139 666 3206 libros,
686 3155 755 3206 quos
775 3157 871 3194 omnes
890 3140 988 3193 eodem
1006 3141 1068 3194 loco
1087 3141 1191 3206 laudat,
1210 3140 1313 3209 legisse
1331 3139 1380 3192 mi-

281 3236 356 3289 nime
378 3234 498 3302 credam,
517 3238 625 3288 certum
643 3250 700 3286 non
718 3238 769 3288 est.
794 3234 906 3288 Seruius
925 3233 1037 3302 quidem
1055 3234 1092 3287 ad
1109 3235 1178 3287 Aen.
1192 3233 1267 3286 1292
1284 3235 1380 3298 Quiri-

282 3351 344 3386 num
363 3347 380 3384 a
397 3324 521 3401 κοιράοῳ,
541 3329 659 3383 eundem
667 3328 760 3397 Lydus
779 3334 886 3400 οκορίῳ
905 3329 991 3396 ducit,
1010 3333 1039 3382 et
1058 3329 1164 3383 scholia
1180 3329 1216 3382 ad
1235 3347 1298 3383 eum
1318 3345 1380 3382 uer·

283 3445 344 3482 sum
360 3425 478 3481 fortasse
496 3425 636 3495 quondam
653 3425 780 3494 pleniora
799 3429 877 3478 erant
894 3425 1055 3493 Lydumque
1073 3429 1219 3494 praeterea
1238 3424 1377 3494 permulta

282 3524 425 3579 simulasse
445 3528 474 3578 et
491 3523 550 3576 sine
569 3523 626 3576 ulla
644 3521 779 3592 religione
800 3521 923 3576 fontibus
943 3521 999 3575 suis
1020 3539 1101 3575 usum
1119 3539 1179 3577 esse
1193 3523 1238 3592 (cf.
1250 3522 1378 3578 Schultze

282 3623 300 3677 l.
311 3623 329 3675 1.
349 3640 377 3691 p·
387 3619 423 3674 47
430 3624 481 3688 sq.)
499 3619 613 3688 scimus3
633 3619 683 3673 sed
700 3618 743 3672 his
762 3619 890 3672 omnibus
910 3620 1049 3673 concessis
1066 3635 1166 3687 parum
1186 3619 1289 3674 similes
1308 3620 1379 3688 Lydi

282 3717 417 3787 Seruique
435 3715 621 3785 expositiones
640 3717 713 3782 snut,
732 3730 815 3782 quam
832 3717 864 3766 ut
881 3713 952 3766 illud
966 3714 1032 3768 inde
1050 3714 1162 3770 efficias.

382 3813 409 3882 2)
429 3812 592 3882 Spengelius
611 3811 654 3866 ed.
673 3811 753 3865 Varr.
773 3808 829 3880 p.7
846 3810 949 3864 librum
966 3810 1088 3878 primum
1107 3811 1142 3864 de
1163 3811 1259 3880 lingua
1285 3811 1380 3878 latina,

282 3911 318 3965 de
342 3909 451 3979 origine
474 3909 587 3979 linguae
609 3907 722 3975 latinae,
747 3909 781 3961 ad
799 3909 954 3978 Pompeiam
979 3905 1095 3960 missum
1121 3905 1207 3961 fuisse
1231 3906 1329 3973 uoluit,
1347 3906 1380 3959 L.

281 4007 410 4062 Krahner
427 4007 445 4060 l.
458 4025 478 4061 s.
500 4025 527 4076 p.
540 4007 584 4074 20,
604 4011 634 4060 ut
656 4022 739 4074 quam
758 4004 879 4073 plurima
899 4004 1090 4070 confunderet,
1110 4003 1212 4057 librum
1230 4003 1308 4056 illum
1326 4002 1381 4072 pri-

282 4121 358 4158 mum
376 4121 393 4157 a
410 4102 553 4158 Priscisno
574 4102 609 4157 de
626 4102 733 4172 origine
754 4101 772 4153 l.
792 4102 820 4170 1.,
846 4101 875 4154 in
893 4101 1009 4169 Pompei
1030 4103 1177 4154 conmento
1197 4103 1380 4166 additionem,

284 4199 396 4269 oLydo
419 4195 489 4270 πρὸς
506 4192 688 4271 Πομπώνιον,
715 4197 790 4266 quod
812 4193 952 4279 proripis
972 4190 1123 4268 Πομπήιον
1148 4195 1259 4262 scribit,
1288 4195 1383 4251 uocari

283 4296 422 4365 opinatur.
