3152 5142
699 479 739 538 45

168 683 226 724 ma
244 669 315 738 post
331 665 492 725 Varronem
511 667 551 724 stt
570 665 666 734 mam,
690 667 741 738 qut
762 683 867 740 aarum
888 667 959 739 quta
978 668 1011 725 tc
1032 683 1064 725 eo
1085 674 1192 742 affletur
1212 665 1268 725 aee-

170 776 247 847 qutd,
270 780 296 834 et
314 775 452 850 praestes
474 777 544 848 quta
564 777 708 850 preqatim
730 775 836 844 uolent,
857 775 950 834 citatos
971 775 1066 834 uoluit
1086 777 1268 850 persuadere

171 883 304 944 Cteermet
322 881 377 955 (oet
400 903 463 943 eure
486 887 561 942 emm
582 882 707 956 scribit),
729 901 792 943 eum
813 885 937 943 atterum
959 903 994 943 ec
1009 885 1122 944 Graeco
1146 888 1186 949 stt
1205 901 1268 943 mo·

169 992 304 1063 atfcstum
325 993 402 1062 draci,
426 993 551 1054 atterum
573 1011 609 1052 ee
629 994 748 1054 merom
764 993 888 1051 autum?
910 985 940 1072 (I
953 987 982 1070 6,
994 987 1044 1052 37.
1068 985 1142 1086 del.
1155 985 1268 1049 tvm

170 1117 200 1180 p.
213 1094 263 1158 35.
288 1092 327 1158 76
339 1115 370 1179 p.
383 1093 449 1179 81.)
497 1093 598 1159 Erant
618 1104 727 1159 autem
749 1093 782 1158 in
791 1094 950 1159 Varronis
967 1095 1125 1180 manibus,
1148 1104 1185 1158 ut
1199 1096 1267 1182 epi-

170 1212 256 1266 tome
279 1201 387 1284 docet,
410 1203 558 1268 erantin
575 1203 750 1282 doctorum
774 1203 931 1288 manibus,
953 1214 989 1269 ut
1010 1204 1135 1292 primus
1156 1185 1268 1269 Vitru-

170 1312 241 1376 uius
263 1320 408 1396 testatur,
439 1312 492 1398 qui
523 1313 609 1378 circa
633 1310 863 1378 DOOXXVII
891 1312 1021 1399 scripsit
1053 1314 1107 1395 (cf.
1130 1313 1269 1379 Fischer

169 1421 222 1486 l.l.
237 1445 269 1508 p.
278 1422 349 1486 382.
371 1421 559 1488 Lachmann
570 1430 636 1486 ant.
650 1445 731 1487 mue.
747 1423 851 1489 Rhen.
862 1421 910 1487 VI
925 1447 956 1511 p.
971 1423 1044 1504 107)
1068 1426 1171 1512 praef.
1193 1421 1268 1488 libri

171 1530 273 1595 VIIII
295 1554 326 1619 p.
339 1532 398 1596 241
414 1530 531 1600 Schnz
559 1542 627 1599 item
651 1541 757 1613 plures
778 1543 845 1612 post
864 1544 996 1598 nostrum
1015 1543 1182 1599 memoriam
1202 1559 1270 1599 aue

171 1654 349 1709 certassem
372 1651 512 1710 Lucretio
534 1654 713 1711 ridebuntur
741 1651 823 1710 uetat
849 1669 947 1711 coram
980 1653 1015 1711 ete
1042 1669 1141 1710 rerum
1161 1656 1270 1710 nature

172 1759 335 1833 disputare,
365 1761 401 1819 de
422 1765 485 1820 orte
508 1780 579 1820 uero
602 1763 748 1820 rhetorico
773 1780 837 1821 eum
859 1761 1004 1832 Cicerone,
1033 1762 1119 1822 multi
1139 1766 1270 1835 postero·

171 1886 236 1926 rum
257 1886 322 1926 cum
345 1868 480 1940 *Varrone
501 1871 648 1942 cerefercut
668 1887 827 1928 sermionem
848 1871 884 1928 dc
907 1871 1009 1945 imque
1031 1869 1132 1940 totino,
1154 1862 1269 1950 quibus

173 1969 281 2035 uerbis
312 1969 377 2036 nisi
407 1971 506 2036 libros
532 1982 659 2038 nostros
675 1974 698 2054 ¹)
733 1971 940 2058 significauit,
973 1972 1096 2036 nullam
1118 1973 1268 2058 profecto

174 2102 302 2143 causam
335 2079 458 2163 habuit,
491 2104 547 2146 cur
577 2105 643 2147 non
673 2082 781 2170 potius
809 2081 1016 2165 antiquitates
1045 2080 1192 2145 laudaret
1216 2080 1270 2145 uel

174 2187 355 2254 Varronem
370 2190 504 2278 Nigidio
515 2191 699 2276 Verrioque
722 2193 916 2279 praeferret,
941 2212 1077 2272 uirorum
1101 2191 1176 2256 libri
1190 2191 1268 2254 Var-

174 2297 325 2363 ronianos
348 2299 374 2362 si
395 2308 523 2365 nostros
547 2299 690 2385 excipias
715 2321 851 2365 numero
874 2299 1072 2386 superabant
1096 2309 1128 2364 et
1148 2299 1272 2386 pariter

174 2408 330 2472 aestimati
352 2419 459 2474 erant.
474 2409 629 2474 Verrium
641 2408 798 2475 Flaccum
820 2408 911 2473 libris
934 2407 983 2472 his
1004 2431 1096 2473 usum
1116 2431 1182 2474 non
1199 2430 1271 2474 esse

176 2513 215 2580 Ο.
228 2517 389 2583 Muellero
413 2518 556 2598 concedo
580 2517 649 2603 (qui
674 2519 805 2605 quidem
826 2519 997 2604 paullatim
1016 2528 1141 2582 tantum
1155 2519 1190 2582 in
1204 2540 1270 2583 me-

174 2625 308 2689 moriam
329 2626 501 2692 reduxisse
522 2627 653 2692 uidetur
673 2629 736 2693 hoe
760 2626 863 2692 solum
886 2650 959 2691 cum
976 2625 1109 2692 inuento
1123 2626 1179 2690 illo
1196 2649 1271 2692 con-

173 2734 302 2818 uenire3
338 2735 405 2800 uid.
439 2737 511 2800 adn.
535 2737 626 2802 Festi
650 2760 701 2824 qu.
725 2737 777 2801 XI
796 2737 826 2820 2,
845 2736 874 2800 8.
908 2735 1134 2818 X11128,32.
1167 2738 1270 2822 praef.

173 2867 204 2930 p.
219 2845 320 2910 XXX
336 2849 396 2924 n.):
421 2870 613 2934 quamquam
622 2846 648 2930 2)
675 2844 761 2911 enim
777 2846 939 2932 permulta
962 2845 1018 2930 (cf.
1030 2845 1207 2933 praecipue
1231 2845 1271 2910 dc

175 2953 196 3016 l.
218 2953 385 3019 1.V1132
407 2978 438 3042 p.
451 2955 514 3021 354
529 2978 575 3040 sq.
607 2956 696 3021 Fest.
720 2955 958 3041 septentriones
980 2975 1011 3039 p.
1026 2949 1114 3040 339³)
1139 2977 1272 3041 prorsus

176 3061 392 3146 consentiunt,
424 3063 505 3127 certi
529 3063 606 3149 quid
638 3063 695 3128 uix
725 3062 820 3128 statui
842 3072 960 3151 potest,
984 3085 1058 3128 cum
1084 3086 1149 3127 non
1174 3063 1271 3128 modo

175 3178 347 3254 utrumque
374 3195 453 3259 opus
475 3171 571 3236 ualde
596 3181 777 3237 truncatum
803 3172 853 3252 sit,
877 3193 992 3236 uerum
1017 3171 1114 3236 etiam
1135 3179 1273 3258 uterque

177 3277 298 3342 eisdem
321 3281 515 3363 auctoribus,
537 3290 706 3367 praeterea
725 3265 862 3346 Verrius
886 3280 994 3345 multis
1018 3279 1089 3344 aliis
1112 3281 1271 3346 Varronis

177 3387 266 3452 libris
290 3413 367 3454 usus
390 3390 441 3474 sit,
465 3390 518 3474 qui
542 3391 610 3454 fere
635 3390 749 3455 cadem
771 3390 1001 3478 praebuerunt.
1026 3389 1084 3454 sed
1100 3390 1182 3454 nihil
1196 3390 1273 3454 inde

177 3533 371 3541 --—-....-—-..-·--

276 3601 301 3668 1)
323 3600 403 3667 Quod
423 3602 539 3670 negauit
557 3599 587 3656 0.
606 3600 724 3653 Mueller
741 3599 827 3668 praef.
846 3597 924 3653 Festi
943 3617 967 3667 p.
979 3597 1056 3650 XXX
1070 3617 1096 3650 n.
1107 3597 1163 3650 uid.
1175 3600 1274 3651 contra

177 3711 235 3748 eum
263 3696 436 3764 disputantes
455 3695 660 3750 Lachmannum
678 3695 696 3748 l.
712 3696 730 3747 l.
754 3694 873 3763 Spengel
891 3693 937 3748 l.l.
955 3712 983 3762 p.
996 3693 1039 3746 21.
1069 3692 1097 3746 O.
1115 3691 1274 3746 Lachmann

177 3790 287 3844 Vitruui
308 3795 453 3844 conmotus
478 3791 648 3858 testimonio,
668 3789 839 3844 existimauit
859 3789 954 3842 statim
973 3792 1037 3858 post
1049 3787 1182 3842 Varronis
1201 3767 1274 3840 mor·

177 3891 232 3941 tem
251 3906 330 3958 opus,
349 3889 424 3958 quod
444 3889 564 3958 scriptor
581 3906 638 3942 non
656 3905 770 3957 prorsus
789 3887 959 3963 perpolitum
979 3885 1147 3954 reliquisset,
1167 3883 1274 3937 editum

178 4001 235 4038 esse
255 3989 284 4038 et
302 3985 354 4039 hoc
372 3979 453 4038 nixus
471 3985 650 4040 fundamento
675 3984 811 4054 singulari
835 3983 917 4037 modo
942 3985 1050 4036 textum
1076 3979 1218 4048 tractauit,
1238 3979 1275 4034 de

116 4150 120 4158 ⁵
179 4097 230 4147 quo
251 4081 356 4150 optime
375 4079 480 4135 iudicat
500 4081 620 4150 Spengel
638 4081 655 4134 l.
667 4081 685 4134 l.
705 4099 732 4150 p.
742 4079 774 4133 21
788 4097 828 4148 sq.

275 4177 301 4247 2)
320 4177 411 4231 Aliter
429 4178 572 4248 placuitL.
585 4177 738 4230 Mercklino
756 4176 785 4229 in
803 4175 893 4230 indice
913 4176 978 4228 lect.
994 4172 1275 4242 Dum-1858cuimi-

180 4289 237 4326 rum
264 4275 408 4344 inscripsit
443 4275 554 4328 titulum
585 4273 629 4327 ‘de
659 4272 799 4328 tralaticio
828 4271 961 4326 Varronis
993 4269 1133 4324 scribendi
1163 4270 1274 4338 genere'

180 4389 206 4440 p-
224 4371 241 4425 9
261 4391 299 4442 sq.
