3152 5142
711 462 750 518 43

180 640 328 728 spiouum
352 649 410 704 est.
428 638 542 704 eodem
565 637 663 704 modo
684 647 780 722 atque
798 638 961 703 metuendi
980 637 1076 704 etiam
1091 640 1277 706 meminisse

179 749 272 815 uerbi
297 748 471 836 explicatio
493 747 717 833 conglutinata
740 757 788 812 est
812 769 853 812 ex
875 747 1112 835 infrascriptis
1140 751 1184 838 (p.
1201 750 1276 829 225)

179 867 341 925 meruiuisse
367 866 544 924 omeneoriu
572 881 637 922 111111
665 864 698 921 iri
728 865 806 937 quod
832 866 973 923 remansit
997 867 1029 924 iu
1053 869 1146 926 meritc
1174 881 1280 926 rursus

180 970 286 1052 (11111111
305 978 338 1034 iu
354 975 387 1033 iel
403 975 482 1048 quod
494 991 599 1032 rursus
617 967 701 1030 male
714 967 742 1032 F
754 976 789 1029 ut
811 965 867 1030 diu
886 965 1113 1052 intellectum),
1134 981 1276 1052 mouetur,

179 1076 240 1141 nisi
261 1076 457 1142 necessitate
485 1076 621 1160 quadem
648 1075 764 1142 lectori
791 1098 857 1140 nen
889 1075 986 1162 plane
1018 1076 1207 1142 dormitanti
1239 1102 1276 1142 11

179 1185 321 1272 stupido,
344 1208 418 1250 eum
440 1184 605 1250 reminisci
628 1195 660 1249 et
683 1184 873 1250 comminisci
899 1188 999 1251 uerba
1028 1209 1047 1250 1
1067 1196 1177 1252 m'ente
1203 1187 1277 1251 duci

137 1317 139 1321 ⁴
179 1294 311 1379 uiderit,
331 1294 463 1358 memini
487 1313 614 1382 quoque
629 1294 720 1360 uerbi
738 1293 876 1360 eandem
892 1295 1128 1362 deriuatienem
1140 1295 1175 1361 in
1188 1317 1276 1361 men-

179 1414 245 1470 tem
268 1404 398 1470 uenisse
420 1405 534 1488 ruauis.
562 1406 643 1469 haee
674 1405 786 1492 igitur,
816 1403 944 1469 adiecta
973 1405 1110 1472 amentis
1135 1405 1276 1490 origina-

180 1513 268 1578 tione
292 1535 375 1598 quae
398 1513 431 1578 in
453 1514 626 1600 propatulo
657 1521 706 1577 est
738 1522 770 1577 et
800 1516 839 1578 ab
869 1513 1009 1598 antiquis
1034 1511 1150 1578 tradita
1173 1515 1274 1598 (Fest.

180 1647 211 1710 p.
224 1623 295 1688 158.
318 1623 358 1688 el.
381 1622 473 1688 Paul.
484 1647 516 1712 p.
529 1624 579 1688 23.
602 1621 680 1688 lsid.
706 1615 787 1710 orig.
802 1619 853 1688 XI
868 1625 896 1706 l,
911 1625 963 1707 11)
984 1647 1002 1688 1
1024 1622 1156 1689 librario
1181 1647 1274 1711 saga-

181 1732 278 1796 citate
303 1732 442 1818 quedem
472 1743 508 1796 ut
535 1732 597 1820 ipsi
629 1731 801 1798 uidebatur
833 1732 914 1797 11111
942 1732 1043 1796 uerbo
1067 1732 1108 1796 ud
1132 1743 1288 1826 mentem
1320 1721 1323 1730 ¹

180 1839 343 1904 referente
365 1839 400 1904 11
422 1840 530 1904 locum
556 1849 789 1928 nostrumque
814 1841 915 1904 uerba
938 1835 1095 1924 quaedam
1123 1866 1141 1906 1
1166 1850 1274 1906 mente

181 1949 278 2014 dueta
299 1951 431 2015 tractari
452 1951 544 2033 uidit,
564 1962 600 2016 ut
612 1951 794 2016 Varronem
811 1951 902 2036 quasi
917 1951 1095 2038 suppleret,
1114 1952 1275 2017 inculcata

183 2067 257 2124 sunt
271 2059 308 2144 ¹).
331 2059 428 2141 Quod
451 2070 558 2126 autem
579 2061 727 2126 ordinem
751 2083 814 2148 quo
837 2061 966 2147 singula
985 2072 1199 2148 cognatarum
1220 2083 1276 2126 ne-

183 2166 308 2232 tionum
340 2167 498 2232 uoeabula
532 2168 811 2254 coniungerentur
838 2167 878 2235 O.
907 2155 1047 2236 Mueller
1078 2167 1277 2232 desiderauit

183 2275 323 2363 ideoque
344 2275 490 2340 locorum
512 2276 797 2364 transpositionem
813 2277 964 2365 suscepit,
985 2276 1015 2342 ei
1033 2277 1082 2342 rei
1097 2276 1279 2342 Varronem

184 2407 316 2470 operam
338 2407 403 2448 non
430 2383 569 2468 dedisse,
599 2385 696 2450 docet
724 2387 779 2451 uel
802 2396 959 2454 recordere
985 2388 1070 2453 inter
1092 2378 1224 2454 euribsus
1247 2395 1279 2450 et

184 2491 558 2579 111111611461424)
591 2492 645 2556 uel
673 2500 742 2572 fatti
768 2493 855 2558 inter
880 2501 991 2572 famum
1022 2503 1053 2558 et
1077 2499 1280 2576 semiperubite

185 2602 247 2686 (Vl
258 2601 300 2668 55
321 2626 353 2690 p.
365 2601 438 2682 231)
462 2602 690 2688 interpositum
712 2613 745 2668 et
769 2603 860 2667 multi
878 2604 952 2670 libri
968 2603 1070 2692 quinti
1084 2602 1276 2689 praesertim

183 2707 255 2772 loci.

193 2903 382 2910 ..—.-...-—...-

283 3011 310 3080 1)
328 3011 484 3082 Inpeditius
503 3015 546 3066 est
563 3011 695 3068 iudicium
712 3013 746 3066 de
760 3013 940 3083 sequentibus
955 3014 1056 3081 uerbis,
1072 3030 1142 3083 quae
1153 3031 1204 3068 nee
1216 3028 1280 3068 cum

184 3107 348 3162 reiectaneis
367 3126 418 3162 1111
436 3127 499 3162 eum
517 3110 746 3165 antecedentibus
766 3106 961 3165 coniunctione
982 3116 1021 3164 sic
1041 3111 1171 3182 coniungi
1183 3113 1280 3181 potue·
1368 3183 1370 3188 Ι

184 3209 392 3271 1111111111
410 3205 524 3260 minima
543 3207 654 3275 quidem
672 3207 824 3262 similitudo
842 3208 917 3261 inter
935 3208 983 3262 illa
995 3209 1101 3264 ethaeo
1113 3208 1276 3264 intercedat.
1341 3221 1343 3226 ·

184 3290 329 3371 praeterea
346 3302 529 3371 suspitionem
546 3308 661 3356 mouent
678 3305 841 3373 praeterita,
859 3310 890 3358 ut
909 3303 978 3372 dixi,
999 3323 1055 3360 non
1074 3305 1128 3359 nisi
1147 3306 1199 3360 hoc
1217 3307 1280 3360 loeo

185 3395 267 3448 obuia
285 3399 314 3448 et
332 3393 387 3448 iam
405 3395 439 3450 ab
458 3395 579 3450 Henrico
602 3395 742 3466 Stephano
764 3399 888 3452 Varrone
915 3399 1030 3469 indigna
1055 3397 1177 3454 iudicata
1201 3405 1279 3471 quusi

184 3497 331 3562 quicunque
349 3495 451 3559 11111111,
480 3498 561 3547 stium
587 3505 692 3548 iturust.
723 3494 771 3548 sed
797 3511 863 3549 caue
888 3513 924 3550 ne
946 3496 1014 3550 haec
1041 3511 1150 3566 quoque
1167 3499 1281 3566 praeter

182 3589 269 3641 uerba
294 3594 429 3643 tremuisti
458 3595 573 3645 timuisti
601 3589 636 3644 ab
657 3592 860 3661 interpolatore
887 3598 949 3647 1111
972 3593 1122 3661 existimes,
1149 3594 1280 3647 1111111111

185 3702 261 3740 suam
278 3685 436 3740 doctrinam
455 3686 604 3740 eVurrene
623 3687 723 3754 hausit,
742 3689 811 3742 talia
829 3693 923 3743 autem
939 3707 1074 3758 nusquam
1092 3689 1233 3760 leguntur,
1253 3694 1282 3743 et

185 3803 241 3840 non
265 3789 330 3840 sunt
353 3786 508 3854 uerilequia
531 3804 548 3840 1
574 3791 667 3842 mento
692 3789 786 3854 dueta,
805 3805 876 3858 quae
893 3787 970 3840 illum
990 3787 1132 3842 adamasse
1151 3787 1281 3840 uidimus.

185 3901 284 3938 uereor
303 3886 406 3950 autem,
435 3901 470 3938 ne
494 3884 669 3954 interpositis
689 3885 744 3938 illis
761 3885 844 3954 nugis
862 3885 997 3954 quaedam
1017 3883 1181 3940 exciderint.
1218 3901 1281 3938 eum

186 3980 257 4034 enim
275 3979 409 4033 transitus
430 3997 447 4032 1
464 3979 606 4034 reminisci
625 3980 797 4036 comminisci
814 3980 908 4034 uerbis
928 3981 963 4034 ad
980 3984 1131 4033 tremorem
1145 3978 1221 4032 nullo
1236 3979 1282 4033 ed-

185 4079 244 4132 ‹lite
263 4081 350 4132 uerbo
370 4079 466 4132 durior
485 4079 621 4145 uideatur,
642 4096 723 4147 quam
740 4095 821 4146 quem
839 4077 869 4131 in
887 4077 937 4130 tali
955 4077 1040 4131 etiam
1051 4076 1187 4146 scriptore
1199 4076 1281 4144 feras,

187 4181 225 4228 sic
248 4175 318 4228 illud
341 4174 460 4228 fortasse
484 4175 519 4228 ad
539 4175 639 4229 emisse
658 4174 794 4242 quaedam
821 4173 959 4242 spectauit
985 4176 1014 4226 et
1038 4173 1124 4226 uerba
1150 4190 1213 4226 oum
1242 4190 1282 4226 se·

187 4271 334 4338 quentibus
353 4271 546 4340 coniungenda
563 4275 642 4325 sunt:
664 4275 703 4326 sic
722 4273 791 4341 quod
808 4273 926 4342 (ripidua
946 4274 1036 4334 timor,
1060 4281 1160 4324 tremor
1182 4272 1281 4324 dictum

189 4387 205 4420 o
223 4370 400 4422 similitudine
417 4372 501 4436 uocis,
521 4389 588 4438 quac
608 4380 669 4422 tuuc
688 4388 747 4423 cum
768 4369 846 4422 ualde
866 4378 979 4421 tremunt
999 4377 1121 4438 apparet.
