3152 5142
842 453 882 510 31

310 619 474 694 artissime.
486 627 663 693 cohaerent
673 634 830 714 excerpta
841 625 979 714 Pompei
994 650 1026 715 p.
1040 615 1109 695 143.
1131 629 1269 729 Oledon.
1281 655 1312 723 p.
1328 631 1409 730 1897

309 731 347 798 Ρ.
370 755 444 798 oum
462 749 543 800 uero
564 746 734 822 praeterea
755 735 921 802 Romanus
942 725 1092 800 Varrone
1112 736 1243 803 laudato
1262 743 1409 829 proferat

308 863 341 928 p.
359 840 411 925 58,
431 843 480 924 17,
513 861 596 926 quae
620 841 661 905 de
681 838 704 906 l.
729 842 751 906 l.
772 841 805 906 V
826 841 886 907 118
908 863 940 928 p.
958 841 1029 924 131,
1057 851 1090 906 et
1113 864 1144 929 p.
1165 843 1296 927 104,13
1326 865 1409 929 quae

308 942 756 1039 Passanvlloal‘peee
778 973 796 1015 e
817 951 910 1016 libris
930 951 971 1016 de
992 951 1013 1016 l.
1028 951 1049 1016 l.
1066 973 1138 1017 esse
1160 952 1288 1036 docent,
1311 955 1409 1019 etiam

307 1060 434 1146 reliqua
456 1082 538 1149 quae
561 1081 635 1124 eum
660 1081 771 1125 eorum
792 1071 986 1146 argumento
1009 1060 1187 1126 conuenire
1208 1063 1406 1129 uidebantur

307 1170 372 1235 huo
386 1169 481 1254 traxi,
502 1191 697 1257 quamquem
718 1191 787 1234 rem
810 1169 855 1233 ita
873 1170 1013 1234 utnulla
1029 1168 1186 1235 dubitatio
1203 1171 1406 1258 relinquatur

307 1299 374 1345 non
396 1299 467 1346 esse
489 1289 696 1368 cooperatam
715 1279 823 1347 uideo.
845 1281 903 1346 sed
925 1291 961 1346 ut
983 1282 1046 1348 hoc
1068 1282 1169 1346 semel
1192 1303 1351 1367 moneam,
1373 1283 1409 1349 in

308 1389 359 1454 his
381 1389 514 1454 minutis
537 1389 693 1470 frustulis,
726 1398 792 1454 tam
823 1391 932 1456 multis
956 1389 1211 1457 dubitationibus
1234 1391 1407 1476 obstrictis,

308 1520 387 1583 quas
406 1521 448 1564 ne
475 1520 625 1564 enarrare
648 1498 779 1586 quidem
802 1499 908 1585 possis
931 1498 995 1564 nisi
1016 1497 1221 1564 intoleranda
1240 1501 1409 1566 uolumina

308 1608 512 1673 conscribere
533 1609 627 1690 uelis,
656 1609 690 1674 id
711 1609 807 1673 unice
839 1629 954 1697 uerum
984 1608 1124 1691 uidetur,
1156 1620 1191 1674 ut
1223 1608 1407 1675 testimonia

223 1767 226 1774 -
307 1716 451 1804 sequaris
468 1728 500 1782 et
515 1727 651 1783 externa
665 1718 785 1784 indicia
803 1718 918 1807 quibus
938 1717 1068 1786 innixus
1082 1720 1212 1808 singula
1223 1720 1407 1806 fragmenta

308 1811 479 1891 distribuas
502 1835 656 1910 quantum
679 1826 867 1892 ullomodo
895 1827 966 1892 fieri
996 1828 1100 1914 possit
1126 1829 1318 1920 inue'stiges,
1347 1828 1406 1894 sed

307 1935 358 2002 his
381 1935 513 2000 omnino
537 1935 761 2002 deficientibus
782 1944 837 1999 aut
865 1934 971 2001 dubiis
995 1958 1090 2020 quam
1113 1937 1307 2024 paucissima
1328 1948 1407 2002 tam-

308 2067 403 2132 quam
423 2043 547 2110 incerta
568 2044 735 2132 relinquas
758 2053 791 2108 et
814 2067 873 2132 pro
895 2044 1008 2110 indole
1033 2054 1066 2110 et
1087 2045 1211 2112 ratione
1238 2047 1405 2112 uariorum

307 2175 443 2243 opernm
474 2155 602 2240 singula
632 2155 678 2219 eis
708 2152 871 2220 adscribes
892 2155 985 2220 libris
1017 2155 1051 2221 in
1081 2178 1218 2241 quorum
1246 2137 1406 2243 quadrant

306 2273 545 2349 argumentum.
578 2263 620 2328 de
650 2263 766 2348 quibus
801 2272 908 2328 autem
938 2285 979 2328 ne
1013 2265 1059 2329 sic
1090 2265 1221 2352 quidem
1254 2276 1404 2331 constare

307 2371 545 2456 quodammodo
568 2371 750 2454 uidebatur,
772 2392 809 2436 ea
827 2371 869 2436 ad
892 2371 1014 2456 calcem
1040 2373 1205 2460 conposui.

368 2471 370 2474 ⁵
403 2469 505 2548 Libro
526 2482 755 2547 undecimo
779 2480 1010 2546 declinationes
1028 2481 1074 2546 ita
1094 2483 1283 2570 exposuisse
1295 2483 1404 2548 Varro

304 2590 445 2673 uidetur,
467 2599 503 2655 ut
525 2612 648 2678 genera
669 2610 842 2654 numerum
857 2611 950 2654 oaaua
967 2589 1122 2678 deinceps
1138 2598 1402 2679 persequeretur,

306 2699 581 2788 quemadmodum
601 2697 742 2778 1111146
760 2715 797 2786 p.
809 2697 872 2763 425
884 2718 931 2782 sq.
960 2697 1065 2763 VIIII
1077 2698 1118 2765 55
1133 2721 1166 2786 p.
1177 2700 1240 2766 495
1262 2724 1310 2788 sq.
1346 2699 1404 2784 (cl.

304 2807 389 2874 Χ22
408 2831 440 2896 p.
450 2805 534 2894 556),
548 2807 636 2875 fecit.
682 2807 815 2875 Genera
842 2805 975 2894 proprie
1007 2821 1046 2871 e'a
1077 2828 1149 2872 esse
1180 2807 1290 2874 docuit
1322 2829 1404 2897 quae

304 2925 419 2982 natura
440 2916 507 2982 sint
537 2916 593 3002 (of.
617 2925 730 2997 autem
747 2915 832 2980 VIII
843 2913 884 2980 55
908 2939 938 3004 p.
953 2915 1030 3001 495)
1069 2938 1206 3002 eamque
1229 2918 1264 2982 in
1284 2918 1405 2983 anima·

304 3026 390 3092 libus
411 3027 609 3112 sequendam
634 3015 705 3092 esse
729 3025 870 3110 (fr.69);
901 3024 1030 3109 quando
1057 3025 1192 3090 dubium
1220 3027 1262 3092 sit
1286 3047 1404 3112 genus,

305 3134 460 3220 cognosci
470 3134 505 3198 id
514 3155 608 3226 posse
622 3154 665 3230 ex
679 3131 887 3198 deminutiuis
900 3133 955 3212 (fr.
968 3133 1021 3216 10)
1034 3152 1115 3215 quae
1130 3132 1241 3220 paucis
1257 3132 1404 3228 exceptis

303 3263 409 3328 genus
431 3243 666 3307 uocabulorum
691 3239 919 3331 principalium
944 3239 1107 3306 retineant
1128 3243 1181 3321 (fr.
1198 3241 1261 3326 11).
1282 3242 1404 3327 ubique

305 3345 476 3436 analogiae
498 3350 641 3416 studium
664 3351 698 3415 in
730 3349 867 3434 singulis
895 3345 1071 3414 tractandis
1102 3349 1316 3436 conspicuum
1346 3359 1406 3433 est,

304 3461 464 3526 uocabula
486 3481 605 3546 graeca
626 3458 660 3523 in
682 3481 747 3542 -ης,
770 3480 852 3547 quae
877 3457 1083 3542 antiquorum
1106 3458 1161 3523 alii
1185 3458 1282 3523 aliter
1305 3457 1406 3523 decli-

304 3579 474 3654 nauerant,
493 3569 601 3636 omnia
624 3594 642 3634 a
662 3567 771 3636 littera
785 3568 871 3634 finiri
889 3577 922 3632 et
937 3567 1094 3634 feminino
1117 3551 1240 3654 genere
1263 3566 1404 3654 proferri

304 3677 407 3764 iussit,
430 3688 467 3744 ut
489 3679 600 3744 charta
619 3679 753 3745 cochlea
770 3679 825 3757 (fr.
837 3676 901 3760 14),
924 3675 1013 3740 ‘dies’
1037 3699 1104 3742 non
1125 3675 1196 3740 sine
1219 3673 1406 3740 discrimine

304 3789 484 3856 masculino
507 3797 540 3852 et
560 3789 715 3854 feminino
736 3808 861 3874 genere
881 3785 1055 3852 dicendum
1077 3807 1158 3870 esse,
1193 3783 1251 3850 sed
1273 3783 1356 3850 illud
1379 3785 1405 3849 si

304 3921 405 3964 unum
426 3899 521 3981 diem,
540 3897 605 3963 hoc
629 3898 655 3962 si
680 3897 836 3986 temporis
858 3895 996 3986 spatium
1019 3895 1183 3983 significet
1203 3895 1256 3980 (fr.
1266 3895 1328 3973 12).
1351 3893 1404 3958 Do

305 4031 439 4077 numero
463 4008 545 4073 nihil
574 4017 672 4090 extat,
703 4007 764 4074 nisi
788 4006 855 4070 ‘uis’
888 4006 985 4070 otiam
1013 4004 1048 4070 in
1071 4005 1189 4092 plurali
1214 4025 1288 4068 eum
1308 4025 1402 4090 prae-

305 4119 429 4209 cepisse
444 4119 495 4205 (fr.
508 4119 571 4203 15),
592 4117 637 4182 ita
662 4115 748 4181 enim
764 4124 801 4180 ut
811 4113 957 4180 Probum
970 4117 1015 4202 (p.
1027 4115 1077 4196 31,
1092 4113 1109 4176 1
1124 4111 1182 4195 Κ.)
1195 4112 1404 4201 interpreter,

304 4229 443 4316 alterurn
464 4230 685 4314 fragmentum
708 4249 725 4292 e
746 4225 838 4293 libris
863 4224 903 4290 de
928 4225 949 4290 l.
964 4226 986 4290 1.
1008 4248 1026 4288 a
1049 4223 1158 4288 Probo
1180 4223 1289 4288 statim
1310 4244 1403 4310 prac-

304 4338 437 4406 missum
453 4340 494 4407 de
505 4341 601 4430 ‘eade
615 4351 647 4407 et
662 4341 747 4413 uaae’
762 4340 815 4423 (fr.
828 4341 880 4426 16)
897 4363 948 4410 me
962 4351 1082 4409 mouet.
1105 4340 1145 4406 de
1166 4340 1217 4406 uis
1242 4341 1404 4420 uocabulo
