3126 5146
703 465 742 521 73

176 638 344 708 Victorino
360 639 539 706 maximam
560 643 686 726 ptrtcul
704 645 864 726 'excerpto
888 639 1072 704 Varronem
1094 639 1137 703 de
1162 654 1272 703 uumer
1328 713 1330 722 Ι

175 750 219 816 ris
240 749 409 838 scripsisse
432 759 568 814 testatur
591 749 644 828 (fr.
661 749 731 832 78),·
753 749 839 836 quod
852 747 886 814 in
905 747 963 813 illo
987 747 1145 836 opusculo
1170 757 1201 813 et
1223 767 1271 810 re·

173 881 246 923 rum
264 881 391 924 conexu
415 857 455 922 dc
477 878 592 945 prosae
614 865 740 922 tantum
761 855 906 922 numeris
927 855 1031 941 accipi
1054 864 1171 942 potest.
1208 855 1272 921 Ru·

173 966 276 1032 linum
299 976 526 1054 excerptorem
550 964 681 1052 quidem
704 963 1032 1050 neglegentissimum
1056 973 1090 1030 et
1108 963 1273 1052 stupidum

49 1097 55 1107 ·
174 1082 247 1142 cuin
269 1075 361 1142 libris
379 1075 501 1142 nostris
524 1075 579 1140 uel
601 1075 709 1160 ipsum
729 1074 782 1138 uel
811 1072 898 1159 quod
933 1073 1036 1159 magis
1067 1074 1174 1160 placet
1202 1072 1273 1140 aliis

174 1183 452 1252 intercedentibus
474 1207 568 1250 usum
590 1205 661 1250 esse
684 1183 864 1250 uiderimus
887 1182 927 1247 ad
951 1183 1083 1250 cosdem
1101 1183 1163 1248 boc
1185 1181 1272 1246 testi·

130 1277 135 1284 ⁴
174 1295 317 1360 menium
340 1302 485 1380 spectare
508 1292 708 1378 existimc.¹)
754 1293 841 1380 quod
872 1295 1011 1360 tortasse
1040 1291 1271 1380 aliquomodo

174 1403 347 1470 Diomedis
366 1405 575 1474 confirmatur
596 1403 785 1469 auctoritate
807 1402 914 1488 quiin
935 1402 1009 1468 libri
1022 1401 1272 1489 secundicapitc

176 1513 215 1578 dc
238 1511 473 1600 conpositione,
497 1510 644 1596 quemuis
664 1511 710 1576 ibi
733 1519 920 1578 constanter
932 1508 1101 1578 Ciceronis
1122 1519 1155 1574 et
1169 1510 1271 1593 Quin

175 1622 277 1687 tilio'ui
292 1622 399 1688 libros
425 1619 605 1686 rhetoricos
624 1619 793 1705 adhibeat·
815 1622 896 1687 hacc
924 1620 1039 1686 scribit
1061 1623 1107 1706 (p.
1127 1620 1201 1705 leo,
1219 1620 1272 1702 ll:

175 1733 260 1798 ‘uum
278 1738 459 1796 structurae
482 1729 665 1798 obseruatio
687 1730 840 1818 bipartita
859 1741 923 1795 tam
941 1730 982 1795 nd
994 1729 1150 1796 oratorias
1171 1729 1272 1795 uirtu-

176 1848 223 1906 tes
244 1861 340 1924 quarn
362 1840 533 1927 adportes
557 1839 783 1926 grammaticus
805 1839 958 1928 pertinet·
982 1847 1015 1904 et
1030 1841 1167 1906 alterum
1186 1837 1273 1924 quod

175 1950 216 2015 ab
233 1938 361 2036 'geuerc
385 1949 549 2017 rhetorico
570 1949 708 2014 trahitur
732 1949 817 2016 trina
839 1949 965 2014 rationo
988 1948 1155 2034 colligitur
1177 1957 1210 2012 et
1225 1955 1275 2012 cst

177 2061 315 2148 primum
336 2057 484 2141 incisum,
519 2059 583 2126 boc
614 2059 724 2145 graeci
748 2065 876 2124 comma
899 2058 1086 2140 nominant3
1124 2081 1165 2123 cx
1188 2063 1273 2122 com·
1349 2089 1359 2108 ο

177 2170 315 2236 mutibus
337 2169 413 2250 [hoc
433 2177 482 2234 est
503 2168 626 2250 incisis]
650 2171 830 2236 membrum
850 2169 901 2252 fit,
923 2168 1012 2254 quod
1031 2167 1079 2232 illi
1102 2167 1197 2232 colon
1219 2188 1273 2254 ap·

177 2280 316 2368 pellant3
349 2301 391 2344 ex
423 2277 633 2346 commatibus
667 2287 701 2342 et
733 2277 815 2344 c‘olis
836 2277 1161 2364 periodus'ccnstnt,'
1176 2297 1272 2362 quum

176 2388 277 2453 nostri
301 2388 616 2477 conprehensionem
640 2385 762 2452 dicunt.
806 2387 944 2452 alterum
968 2385 1009 2450 ad
1030 2383 1173 2450 osticium
1194 2382 1272 2448 artis

175 2499 406 2584 grammaticae
427 2499 570 2563 retertur
590 2497 654 2562 boc
674 2507 722 2563 est
746 2496 787 2561 ad
810 2495 925 2585 pedes,
943 2494 972 2560 'si
992 2494 1124 2580 quidem
1144 2493 1272 2558 adsum·

176 2616 230 2692 pta
247 2607 369 2695 pedum
386 2607 528 2693 imagine
550 2605 655 2672 omnis
668 2605 824 2688 orationis
839 2605 984 2670 cltuaule
999 2603 1148 2684 struitur3
1173 2607 1272 2689 quare

178 2715 278 2802 (quod
300 2715 399 2800 codd.)
422 2737 527 2803 genus
552 2716 615 2781 boc
636 2714 743 2800 possis
769 2711 1026 2798 grammaticum,
1054 2711 1136 2776 illud
1158 2711 1272 2776 'rbcto-

176 2823 277 2890 ricum
300 2825 404 2910 magis
424 2825 553 2891 elicere!
1209 2833 1213 2839 '

274 2937 383 3020 Pergo
415 2935 456 2999 ad
486 2933 637 3000 librum
664 2934 865 3020 quintum.
894 2926 965 2997 vbuc
990 2930 1198 2996 referendum
1223 2940 1302 2994 cst·

177 3045 436 3129 testellomcnu,
468 3045 519 3109 cui
544 3045 653 3110 omnia
677 3044 794 3108 horum
815 3043 975 3107 librorum
999 3041 1140 3106 frustula
1161 3038 1273 3104 Obari-

176 3152 240 3218 sius
262 3149 371 3234 ilebct,
400 3155 619 3240 fragmentum
643 3153 683 3218 de
704 3153 933 3219 interiectione
956 3153 1009 3234 (fr.
1033 3151 1099 3235 81),
1136 3149 1178 3214 dc
1209 3171 1273 3233 quc

176 3261 295 3347 optimc
319 3261 536 3349 disputantem
566 3263 642 3328 audi
664 3261 819 3330 Ottonem
841 3261 926 3328 labn
957 3261 991 3326 in
1012 3259 1273 3326 commentatione

175 3372 276 3438 ueber
299 3372 353 3437 die
363 3373 603 3440 kunsturtbeile
614 3372 667 3438 bei
682 3372 807 3438 Plinius
818 3375 902 3455 (ber.
916 3371 946 3439 d.
959 3371 1083 3437 scecbs.
1097 3371 1272 3456 gesellscb.

176 3479 206 3544 d.
228 3480 314 3546 wisc.
335 3480 369 3546 lI
391 3481 473 3546 1850
496 3481 637 3568 p.114):
670 3480 737 3546 ‘das
769 3479 989 3565 ungcschickt
1009 3478 1222 3543 wiedcrboltc
1242 3489 1275 3543 ut

176 3597 217 3654 uit
233 3597 337 3666 Verre,
359 3599 455 3671 iuquit
473 3598 567 3656 Varro
590 3583 736 3675 beweist‚
755 3591 828 3656 dass
855 3588 916 3654 wir
938 3611 972 3653 es
996 3588 1069 3653 hier
1085 3586 1143 3650 mit
1165 3585 1273 3652 einem

177 3708 310 3787 excerpt
340 3721 379 3764 zu
400 3701 481 3766 tbun
504 3701 621 3782 haben,
653 3701 796 3765 welches
820 3723 877 3766 aus
901 3699 996 3764 eiucr'
1012 3698 1172 3783 laengcrn
1204 3718 1272 3761 aus·

175 3807 469 3894 einandcrsetcung
499 3809 551 3876 dic
579 3809 805 3898 hauptpunktc
829 3807 1176 3892 zusammengerucckt
1208 3805 1273 3890 hat,

275 4078 300 4146 1)
319 4077 364 4131 Ad
382 4057 590 4146 disciplinarum
612 4079 715 4134 librum
736 4079 770 4132 de
795 4077 936 4133 rhetorica
963 4077 1058 4131 Rufini
1084 4075 1281 4130 testimouium

178 4173 260 4228 refert
272 4173 444 4228 -Ritscbclius
462 4175 479 4230 l;
490 4176 507 4229 l.
529 4194 556 4245 p.
567 4176 611 4243 33,
631 4176 660 4229 in
680 4193 735 4244 quo
755 4191 920 4244 quamquam
940 4175 1037 4228 eudem
1054 4189 1099 4227 res
1117 4172 1214 4242 paucis
1231 4190 1273 4226 re·

178 4269 290 4324 tractari
315 4270 415 4338 potuit,
447 4275 540 4324 tamen
565 4271 660 4326 nescio
685 4288 721 4325 au
751 4269 948 4340 interpretatio
977 4286 1039 4322 mes
1065 4267 1273 4338 probabilitatis

178 4365 293 4431 quedam
313 4365 406 4435 specie
425 4367 636 4420 conmcudetur.
