3126 5146
786 471 844 532 106

262 633 398 713 dubium
420 653 468 713 est
488 669 566 712 num
587 646 643 712 alii
666 667 796 731 quoque
816 655 987 733 praeterea
1002 647 1264 732 intercesserint)
1281 647 1361 714 Dioss

263 756 375 824 medes
396 781 428 845 p.
449 757 512 822 426
534 753 675 844 primum
686 756 843 822 Varronis
868 755 1092 823 definitionem
1118 758 1229 845 paullo
1258 768 1361 824 muta¹

262 875 328 932 tam
343 859 346 866 ¹
363 867 520 955 sumpsit:
553 878 613 933 tota
640 875 831 951 quammultae
860 876 992 935 consistit
1018 877 1179 949 praecipue
1215 875 1363 936 tutellectu

262 987 415 1058 portorum
444 987 472 1044 ct
499 987 678 1058 scriptorum
703 987 731 1043 et
750 985 941 1043 historiarum
961 989 1100 1058 prompto
1121 987 1303 1059 expositione
1316 977 1362 1062 ἧς

263 1079 426 1151 cumbae
448 1087 591 1172 priorem
611 1083 793 1152 officiorum
815 1085 1102 1170 enumerationem,
1122 1087 1206 1153 hanc
1233 1097 1362 1176 quoque

262 1213 329 1260 non
350 1189 551 1276 inmutatum,¹
588 1194 775 1260 coniunxit:
805 1205 834 1261 et
852 1201 885 1261 ta
904 1207 981 1262 reete
1002 1203 1139 1278 mqueada’
1159 1206 1363 1280 sedentique

261 1311 384 1381 rattoae,
416 1304 473 1368 abi
497 1303 679 1369 Varronem
701 1312 789 1368 recte
813 1299 928 1386 tepenti
948 1304 1177 1392 scribendique
1201 1304 1361 1375 rationem

263 1412 411 1500 posuisse
433 1412 506 1478 ueri
530 1409 635 1478 simile
660 1421 717 1478 est.
743 1411 860 1478 deinde
885 1414 1032 1499 sequitur
1052 1415 1156 1480 altera
1177 1415 1363 1481 officiorum

264 1519 392 1606 diuisis,
413 1543 509 1606 qaam
528 1543 626 1610 supra
647 1522 865 1589 tractauimus.
887 1521 936 1586 sin
947 1521 1128 1590 Diomedes
1152 1524 1234 1588 haec
1255 1523 1363 1592 omnia

263 1623 350 1718 apud
375 1639 544 1696 auctorem
558 1655 650 1696 sunm
664 1631 820 1720 repperit,
844 1631 931 1717 quod
947 1655 1013 1698 non
1032 1641 1081 1698 est
1096 1655 1152 1699 cur
1168 1631 1363 1717 dubitemus,

263 1736 440 1805 admodum
459 1738 630 1827 probabile
651 1742 687 1806 fit
709 1741 849 1806 eundem
871 1751 1037 1807 auctorem
1057 1765 1076 1806 a
1100 1742 1282 1828 Victorino,
1308 1741 1363 1831 qui

264 1858 338 1938 post
357 1849 521 1938 integram
532 1850 690 1916 Varronis
706 1850 930 1916 definitionem
953 1853 1113 1917 turbatam
1131 1849 1220 1917 illam
1244 1851 1363 1918 seriem

265 1953 447 2035 officiorum
469 1961 577 2044 babet,
599 1961 830 2047 neglegentius
853 1961 1034 2049 excriptnm
1056 1983 1139 2028 csse.
1163 1962 1291 2026 accedit
1307 1985 1362 2027 au-

149 2131 151 2136 .
263 2061 330 2136 tem
354 2069 454 2136 aliud.
500 2069 634 2136 sienim
655 2071 713 2134 has
736 2071 916 2150 officiorum
940 2071 1201 2137 enumerationes
1220 2070 1359 2138 diuersis

265 2179 418 2268 operibus
439 2179 586 2244 tribucre
601 2177 663 2263 uis,
683 2179 829 2266 priorem
842 2201 916 2244 cum
927 2179 1160 2265 grammaticae
1175 2177 1364 2246 definitione

261 2281 282 2354 a
293 2279 464 2354 Victorino
478 2288 682 2354 coniunctam
695 2289 925 2376 grammaticae
945 2289 1143 2373 adscribere,
1170 2289 1305 2353 alteram
1322 2288 1364 2353 ad

229 2389 233 2397 ’
264 2399 368 2464 libros
380 2397 420 2480 de
434 2417 583 2462 sermone
592 2397 708 2480 latino,
732 2417 812 2482 quos
827 2419 845 2460 a
858 2396 1027 2464 Diomedis
1041 2407 1173 2462 anctore
1187 2417 1284 2485 saepe
1310 2395 1365 2461 ad·

265 2501 467 2574 bibitosesse
480 2515 615 2592 mastat,
637 2505 884 2572 referredebes.
905 2516 1065 2572 tumuere
1079 2529 1152 2572 cum
1177 2505 1365 2573 definitione

266 2616 469 2702 eDionysio
490 2613 616 2686 Thrace
637 2615 774 2704 sumpta,
797 2615 1029 2702 grammaticae
1057 2615 1174 2682 diuisis
1208 2607 1291 2704 qnae
1321 2616 1363 2680 ab

266 2747 304 2790 eo
326 2725 432 2792 aliena
456 2735 506 2790 est
530 2725 752 2811 coniungitur,
784 2725 888 2792 altera
919 2734 1032 2790 contra
1062 2745 1145 2810 quac
1178 2725 1218 2790 ab
1247 2722 1365 2790 ecdem

265 2833 405 2923 repetita
426 2844 478 2900 est
499 2835 640 2920 ideoque
661 2837 688 2902 si
709 2836 780 2901 ueri
802 2835 919 2900 similia
942 2835 1119 2920 sequimur,
1143 2855 1216 2899 cnm
1239 2833 1297 2898 illa
1310 2833 1365 2899 de·

266 2941 415 3010 linitione
437 2965 565 3010 conexa
587 2955 665 3030 erat,
687 2948 726 3011 ab
749 2958 788 3010 ea
809 2944 1021 3011 abscinditur.
1045 2944 1131 3031 quod
1154 2965 1229 3010 cum
1251 2942 1365 3009 adner

266 3054 605 3142 uus‘probabilitatem
631 3065 768 3143 pugnet,
799 3056 881 3121 ratio
905 3063 1016 3120 nostra
1037 3055 1098 3120 baa
1117 3053 1173 3119 uia
1195 3041 1365 3119 confirma·

265 3170 329 3230 tur.
353 3164 407 3252 qui
429 3183 508 3230 nero
534 3164 583 3229 his
604 3157 799 3252 contemptis
820 3162 1022 3252 argumentis
1044 3163 1220 3228 secundam
1233 3161 1365 3227 diuisio-

267 3292 342 3338 nem
364 3273 457 3339 libris
477 3273 518 3338 de
540 3295 690 3339 sermone
711 3275 812 3340 latino
834 3271 1008 3360 adsignare
1029 3272 1111 3356 uolt,
1130 3271 1365 3348 adminiculum

267 3382 432 3466 quoddam
463 3381 564 3448 huius*
579 3384 770 3449 sententiae
794 3384 828 3448 in
850 3381 986 3450 Mariimi
1008 3381 1172 3447 Victorini
1196 3381 1303 3468 capite
1318 3381 1366 3446 de

266 3486 409 3558 lectione
442 3489 563 3581 (pss‘ltu
587 3492 683 3560 Lind.
707 3518 738 3582 p.
753 3491 834 3559 1938
845 3495 897 3574 P.)
921 3492 1062 3558 inueniri
1084 3491 1179 3556 facile
1210 3491 1272 3556 sibl
1294 3495 1366 3579 pei·

269 3605 411 3671 suadeat.
435 3604 481 3670 ibi
503 3605 589 3670 onim
613 3615 687 3693 post
710 3606 847 3671 candem
863 3606 1004 3670 alteram
1028 3601 1212 3668 officiorum
1235 3623 1366 3667 enume-

268 3714 426 3780 rationem
446 3735 545 3799 quam
566 3711 746 3792 Diomedes
774 3713 872 3780 babet
891 3715 973 3779 haec
994 3714 1167 3798 leguntur:
1188 3723 1292 3792 portes
1312 3719 1367 3778 tec·

268 3817 356 3892 beau
383 3837 453 3890 aaut
472 3807 621 3907 quatuor:
646 3835 782 3892 accentus
810 3831 946 3890 discretio
966 3819 1173 3904 pronunciabo
1195 3819 1365 3897 endalatio,

269 3930 469 4020 eaedemque
497 3931 642 4023 pareest)
677 3929 826 3999 subtilius
858 3953 956 4018 quam
975 3954 994 3996 a
1016 3929 1161 3998 Maximo
1182 3927 1367 4018 explicatae

271 4071 469 4080 --.———-—

368 4113 393 4182 1)
413 4111 455 4166 Ea
474 4111 541 4166 satis
560 4113 631 4167 bene
653 4129 716 4166 cum
733 4111 892 4181 fragmento
910 4110 944 4164 91
966 4109 1111 4178 conuenit3
1133 4113 1277 4180 praecipue
1296 4106 1368 4162 illud

269 4213 361 4264 ortum
379 4213 455 4264 est'e
472 4209 606 4264 Varronis
626 4210 718 4264 uerbis
741 4231 774 4262 aa
792 4222 870 4281 purte
889 4214 1002 4274 vaniore,
1026 4225 1097 4276 quae
1115 4223 1172 4260 non
1189 4209 1266 4261 recte
1284 4204 1365 4259 inbel-

269 4305 339 4360 lexit
357 4307 514 4360 Diomedes.

368 4403 396 4472 2)
416 4402 601 4472 singulariter
627 4400 655 4455 in
674 4402 768 4457 multis
793 4401 942 4457 corrnenire
968 4400 1121 4455 Maximum
1137 4389 1312 4481 Victor-illuni
1339 4401 1368 4453 et
