3152 5142
808 491 828 548 4

274 667 342 754 al),
364 667 545 754 Dionysius
568 667 690 752 Thrax,
711 667 776 733 hic'
791 689 919 753 qnoque
941 669 1134 736 Aristarcho
1158 677 1371 760 praeceptore

273 799 350 844 usus
365 779 426 860 (cf.
449 779 493 844 M.
518 777 669 847 Schmidt
696 777 810 865 philol.
832 777 1104 867 V11p.366sq.)
1130 777 1242 862 τέχνην
1263 801 1370 862 γραμ-

273 885 417 967 ματικήν.
441 887 554 975 primis
576 887 672 952 lineis
695 887 800 953 ductis
823 887 931 954 uarios
950 897 1062 974 poetes
1088 897 1121 954 et
1142 889 1297 957 dialectos
1324 889 1370 954 di-

272 1021 384 1065 uersas
406 999 646 1086 percensebant
667 1005 700 1062 et
720 998 896 1062 uerborum
918 998 1038 1064 classes
1057 999 1279 1085 loquendique
1305 1001 1369 1065 for·

272 1110 376 1174 mulas
399 1107 554 1194 separetis
577 1107 669 1172 libris
687 1106 894 1194 explicabant
910 1108 1179 1192 subtilioremque
1195 1109 1240 1174 ite
1256 1118 1288 1174 et
1301 1131 1367 1176 oer-

271 1219 390 1284 ticrem
429 1217 604 1284 earundem
641 1216 865 1302 quaestionum
903 1217 1128 1282 tractationem
1161 1217 1368 1306 incipiebant,

273 1351 370 1416 quam
389 1327 525 1394 adsidua
545 1326 739 1414 scriptorum
753 1325 1031 1414 peruestigatione
1047 1327 1247 1416 amplificare
1262 1327 1369 1392 stude-

271 1438 357 1502 bant.
378 1446 600 1525 postremout
618 1435 667 1501 rei
681 1445 795 1502 nature
807 1437 942 1518 ferebat,
967 1436 1121 1520 syntaxin
1132 1435 1280 1522 adgressi
1294 1445 1369 1504 sunt

271 1569 378 1632 neque
407 1556 482 1612 ante
512 1567 669 1632 magnum
689 1537 906 1632 Apollonium
939 1546 1112 1634 quisquam
1141 1555 1245 1612 totum
1275 1569 1368 1632 ergu-

271 1666 417 1722 mentum
441 1657 618 1744 conplexus
649 1666 707 1722 est.
741 1679 817 1724 nam
841 1655 1002 1744 Tryphon
1025 1657 1158 1744 eiusque
1191 1656 1370 1742 discipulus

270 1765 419 1851 Hebron,
436 1775 574 1854 uterque
597 1766 637 1830 ab
650 1766 829 1854 Apollonio
855 1766 943 1830 haud
966 1787 1041 1832 rerc
1063 1766 1213 1833 laudatus
1234 1767 1290 1831 uel
1312 1787 1368 1852 po·

270 1872 334 1938 tius
356 1874 563 1962 inpugnatus
597 1897 733 1966 quorum
764 1873 822 1938 ille
845 1873 1003 1946 Varronis
1017 1874 1104 1956 ‘fere
1126 1875 1270 1962 aequalis
1301 1885 1383 1942 crat·

272 1982 328 2066 (cf.
350 1983 393 2050 A.
417 1983 457 2049 de
479 1983 603 2048 Vclsen
622 1981 898 2068 Tryphgramm.
912 1985 1085 2070 fragmp.
1100 1983 1203 2069 1.33)-
1219 2007 1285 2054 non
1307 1984 1370 2052 nisi

203 2135 205 2139 ,
271 2091 312 2157 de
328 2091 531 2180 singularum
554 2092 709 2158 cretionis
733 2093 873 2181 partium
892 2094 1134 2168 constructione
1151 2095 1367 2181 scripserunt:

269 2201 430 2290 Tryphon
453 2203 493 2268 de
518 2203 662 2268 articulis
686 2202 849 2269 aduerbiis
877 2203 1158 2268 coniunctionibus
1188 2203 1368 2291 participiis

270 2311 566 2400 praepositionibus
588 2313 835 2400 pronominibus
857 2315 1054 2401 perseniae,
1076 2313 1214 2380 Hebron
1235 2312 1276 2378 de
1296 2335 1370 2401 prc-

270 2421 402 2486 nomine
426 2422 553 2510 (Apoll.
577 2422 618 2487 de
640 2432 725 2507 synt.
748 2434 781 2509 p.
794 2422 843 2487 60.
857 2421 919 2504 B.).
970 2423 1025 2488 Ab
1049 2423 1282 2506 Alexandrinis
1306 2422 1368 2509 igi-

269 2540 321 2596 tur
334 2531 555 2618 grammaticis
563 2530 681 2617 Verre,
694 2555 842 2619 ¹quorum
866 2553 965 2618 opera
988 2553 1061 2596 eum
1084 2531 1261 2618 diligenter
1284 2540 1368 2604 trec·

269 2650 355 2708 tasse
376 2651 537 2707 testantur
559 2642 636 2706 libri
660 2641 700 2707 de
723 2641 836 2727 lingue
857 2641 967 2725 latine,
989 2643 1045 2729 qni
1069 2642 1109 2708 ad
1134 2666 1194 2708 nos
1210 2663 1368 2730 peruene-

268 2760 355 2833 runt,
386 2772 448 2816 nec
477 2749 646 2816 consilium
667 2773 773 2837 neque
796 2761 1023 2836 argumentum
1048 2751 1197 2836 syntaxis
1221 2771 1298 2816 suae
1318 2771 1368 2815 re·

368 3037 396 3104 1)
414 3037 457 3090 De
483 3036 598 3106 singulis
617 3037 773 3106 Tryphonis
798 3037 877 3091 libris
901 3041 978 3092 recte
1004 3036 1140 3091 iudicauit
1157 3036 1189 3090 A.
1213 3037 1248 3090 de
1266 3037 1368 3092 Veleen

268 3131 315 3184 1.1.
328 3150 356 3201 p.
369 3132 454 3201 24eq.
493 3133 546 3200 Qui
563 3137 711 3202 praeterea
730 3134 764 3187 dc
784 3133 826 3187 his
845 3134 928 3188 rebus
947 3133 1120 3202 scripserunt
1140 3137 1206 3202 post
1225 3133 1367 3200 Varronis

267 3229 351 3284 immo
369 3229 501 3298 Apolloni
520 3234 647 3299 tempora
664 3231 804 3298 uincerent,
826 3237 858 3284 ut
876 3231 909 3282 de
928 3230 1087 3284 Herodiano
1106 3231 1150 3298 (cf.
1164 3230 1285 3286 Michael
1298 3231 1365 3298 Syn-

268 3325 354 3380 cellus
371 3325 401 3378 in
418 3327 589 3380 Bechmanni
608 3327 703 3382 anecd.
726 3326 902 3396 gr.Hp.424
923 3327 957 3381 cl.
976 3327 1010 3380 E.
1019 3327 1116 3398 Egger
1134 3327 1226 3397 Apoll.
1246 3327 1365 3395 Dyscolo

266 3439 295 3491 p.
307 3421 369 3492 234)
387 3426 503 3492 taceam,
523 3423 661 3492 Telephus
681 3423 834 3488 Cretatam,
853 3423 899 3491 qui
922 3427 994 3476 teste
1017 3423 1102 3478 Suide
1126 3427 1190 3494 περὶ
1214 3417 1363 3484 συντάξεως

265 3512 350 3589 λόγου
367 3515 485 3576 Ἀττικοῦ
508 3523 599 3589 βιβλία
623 3526 638 3574 έ
663 3521 763 3588 edidit,
792 3525 856 3590 post
882 3521 1042 3591 Augustum
1067 3520 1161 3574 floruit
1191 3520 1235 3590 (cf.
1257 3520 1364 3574 Preller

266 3617 368 3671 ztschr.
386 3617 404 3670 f.
422 3618 558 3672 elterthw.
579 3617 649 3672 1837
667 3618 765 3692 pith)
785 3623 814 3672 et
832 3619 864 3672 L.
880 3618 947 3672 Veri
965 3621 1132 3687 praeceptor
1150 3617 1234 3672 funes
1252 3618 1367 3673 uidetur

266 3713 325 3782 (Iul.
340 3713 455 3782 Capitol.
467 3714 534 3768 Veri
551 3714 576 3768 2.
596 3713 686 3770 Ebert
704 3715 814 3770 dissert.
831 3715 885 3769 Sic.
904 3715 917 3767 I
937 3733 963 3784 p.
975 3715 1046 3783 147),
1065 3718 1094 3768 et
1113 3713 1250 3769 Arcadius
1269 3715 1366 3768 Antio-

267 3810 377 3877 chenns,
403 3811 560 3864 Herodiano
588 3810 703 3866 inferior
731 3811 874 3879 (Choerob.
894 3811 979 3865 Bekk.
998 3811 1095 3865 anecd.
1116 3829 1158 3880 gr.
1176 3811 1217 3864 III
1235 3828 1262 3879 p.
1275 3811 1366 3878 1193),

266 3907 314 3976 qui
330 3911 393 3979 περὶ
413 3903 560 3968 συντάξεως
578 3910 633 3963 τῶν
650 3911 698 3962 τοῦ
717 3902 800 3978 λόγου
819 3911 913 3981 μερῶν
931 3907 1051 3978 scripsit.
1071 3908 1170 3978 reliqui
1188 3908 1366 3978 praeterBy-

266 4006 391 4059 zantinos
418 4005 614 4076 grammaticos
642 4005 687 4076 (de
716 4007 815 4074 quibus
833 4005 929 4076 Egger
947 4007 965 4060 l.
984 4007 1003 4060 l.
1021 4026 1047 4076 p.
1065 4005 1126 4060 234.
1145 4006 1208 4074 265)
1239 4005 1366 4060 rhetores

252 4103 428 4172 ¹posterioris
447 4103 546 4158 aetatis
563 4107 652 4171 erent,
670 4107 702 4156 ut
721 4103 841 4157 Gaienus
859 4104 950 4159 Arabe
963 4104 1060 4158 Theon
1077 4103 1283 4158 Alexandrinus
1296 4103 1366 4158 Peu-

266 4199 356 4254 sanias
385 4199 570 4255 Caesariensis
600 4199 708 4268 (huid),
736 4201 783 4269 qui
801 4201 922 4270 uestigia
942 4201 1058 4270 Dionysi
1077 4200 1316 4258 Halicarnasensis
1337 4205 1366 4254 et

265 4297 388 4354 auctoris
407 4298 474 4352 libri
491 4302 554 4370 περὶ
573 4293 670 4368 ὕψους,
691 4298 739 4366 qui
758 4298 826 4354 duos
848 4298 934 4354 libros
954 4304 1017 4371 περὶ
1037 4294 1185 4360 συντάξεως
1208 4299 1364 4367 conposuit,

265 4395 305 4464 (π.
322 4393 411 4466 ὕψους
429 4396 510 4464 39,1)
530 4397 725 4464 sequebantur.
