3126 5146
790 453 830 511 84

264 630 339 696 inst.
363 625 616 714 orat.14,6sq.
639 626 796 713 11,1sq.)
818 633 896 694 erat.
920 624 1000 690 tales
1026 633 1133 690 autem
1156 625 1362 712 quaestiones

264 731 472 825 orthoepicae
495 758 589 821 quam
613 757 709 823 saepe
740 736 781 801 ad
813 738 932 800 formas
955 733 1189 798 uocabulorum
1210 755 1360 820 perscru-

260 847 375 912 tandas
388 845 643 932 etexplicandas
668 867 742 910 eum
766 845 972 926 deduxerint,
996 866 1048 908 res
1071 843 1141 931 ipsa
1157 853 1188 907 et
1202 843 1358 908 extribus

262 955 454 1041 fragmentis
476 978 576 1020 unum
600 955 705 1020 docet.
726 953 946 1042 pronuntiatio
966 953 1001 1016 in
1024 976 1102 1017 sono
1124 954 1358 1017 uocabulorum

260 1065 410 1147 uertitur,
444 1063 484 1127 dc
513 1085 576 1148 quo
608 1063 653 1127 ita
684 1064 755 1127 fere
781 1062 964 1126 Varronem
1000 1061 1121 1126 dixisse
1151 1059 1358 1146 Augustinus

176 1186 179 1198 ¹
262 1172 379 1259 (princ.
400 1170 766 1258 dialectieaeVp.40B
788 1171 839 1235 ed.
854 1191 966 1256 congr.
990 1168 1140 1236 S.Maur.
1162 1192 1194 1256 p.
1207 1170 1237 1254 l,
1254 1171 1291 1232 18
1310 1170 1359 1234 ed.

264 1279 406 1365 Oreceli)
431 1289 566 1346 testatur
599 1279 649 1344 ‘de
673 1302 751 1344 sono
775 1279 869 1345 uerbi
890 1279 999 1364 agitur
1022 1302 1092 1342 cum
1116 1279 1283 1364 quaeritur
1306 1281 1361 1344 uel

262 1389 541 1472 animaduertitur,
573 1399 692 1477 quanta
711 1389 873 1453 uocalium
907 1388 962 1452 uel
986 1387 1198 1475 dispositione
1220 1387 1359 1452 leniatur

264 1499 319 1564 uel
341 1498 556 1564 concursione
580 1497 736 1580 dehiscat,
758 1498 835 1562 item
857 1498 1103 1562 consonantium
1134 1497 1189 1560 uel
1213 1497 1361 1585 interpo-

266 1608 383 1674 sitione
405 1607 547 1672 nodetur
567 1608 621 1671 uel
645 1608 855 1692 congestione
880 1617 1050 1691 asperetur
1072 1617 1104 1670 et
1123 1607 1271 1691 quotuel
1284 1599 1358 1691 qua-

263 1721 349 1786 libus
371 1718 506 1804 syllabis
528 1727 664 1800 constet,
695 1717 749 1783 ubi
775 1717 919 1804 poeticus
943 1715 1116 1800 rhythmus
1139 1724 1357 1802 accentusque

262 1853 281 1894 a
302 1828 520 1914 grammaticis
545 1829 685 1894 solarum
709 1829 833 1893 aurium
857 1837 1034 1892 tractantur
1057 1827 1210 1914 negotia’.
1241 1829 1358 1916 quibus

261 1937 371 2002 uerbis
403 1961 476 2002 eum
510 1938 656 2002 breuiter
691 1939 781 2002 locus
815 1936 888 2016 aspi
922 1937 1030 2018 φωνῆς
1062 1937 1359 2021 circumscribatur,

195 2113 200 2120 ,
262 2046 373 2130 quanti
394 2045 548 2133 ponderis
573 2045 607 2108 in
630 2046 679 2109 his
702 2047 799 2110 rebus
822 2044 1041 2132 pronuntiatio
1065 2045 1152 2133 apud
1175 2045 1361 2112 Varronem

261 2154 360 2218 fuerit
382 2155 503 2242 optime
527 2155 718 2234 ostenditur,
753 2164 790 2219 ut
818 2175 877 2242 per
907 2165 1011 2218 totum
1035 2154 1153 2218 librum
1178 2152 1302 2220 dehac
1324 2178 1360 2220 re

261 2285 336 2327 eum
359 2263 550 2328 disseruisse
572 2263 704 2328 minime
728 2264 768 2326 sit
787 2264 914 2328 mirum.

363 2371 423 2436 His
446 2372 601 2461 expositis
626 2371 816 2456 subicienda
839 2382 887 2437 cst
911 2373 1055 2459 quaestio
1077 2373 1117 2438 de
1139 2372 1360 2458 relliquiis

264 2481 312 2546 'ad
335 2481 440 2546 hano
462 2491 621 2569 partem
652 2481 794 2569 operis
824 2483 1155 2568 pertinentibus
1183 2504 1265 2566 quae
1288 2482 1356 2567 qui-

264 2591 339 2656 dem
363 2612 430 2655 non
452 2591 557 2656 minus
588 2591 630 2656 ad
655 2591 773 2655 librum
807 2591 947 2678 primum
970 2600 1003 2654 et
1024 2592 1156 2657 tertium
1189 2614 1285 2678 quam
1319 2590 1359 2655 ad

154 2791 156 2794 Ι
262 2699 443 2766 secundum
465 2709 602 2785 spectat,
620 2700 678 2765 sed
697 2699 731 2766 in
755 2700 959 2786 singulorum
981 2701 1140 2766 librorum
1165 2711 1357 2786 argumento
1423 2763 1425 2767 ,

263 2806 465 2874 restimendo
487 2830 553 2874 non
576 2808 746 2874 commode
759 2808 887 2873 tractari
903 2809 1018 2894 potuit,
1041 2809 1116 2893 quia
1130 2831 1182 2874 res
1199 2809 1358 2874 artissime

261 2918 350 2984 inter
369 2939 405 2982 se
428 2917 614 2982 cohaerent.
639 2918 694 3004 qui
717 2918 804 2982 enim
827 2917 904 2981 Veli
926 2917 1035 3004 Longi
1058 2920 1157 2983 uerba
1176 2918 1284 2982 statim
1307 2918 1363 2982 ad-

263 3026 416 3114 ponenda
443 3026 527 3110 legit
551 3048 617 3090 non
648 3026 795 3111 cogitare
824 3027 864 3090 de
893 3026 985 3091 libris
1014 3026 1132 3090 nostris
1155 3049 1221 3092 non
1243 3036 1360 3114 potest.

262 3134 477 3222 reprehendit
499 3134 634 3219 Longus
656 3135 745 3220 quod
767 3133 939 3214 ὀρθοὲπεια
963 3143 995 3198 el
1016 3132 1223 3217 ὀρθογραφία
1252 3141 1271 3200 a
1295 3137 1362 3222 pla-

263 3244 375 3330 risque
404 3243 644 3308 confundantur
671 3253 703 3307 et
732 3242 854 3308 deinde
874 3243 985 3328 pergit
1010 3244 1057 3329 (p.
1072 3243 1237 3328 esem:
1275 3247 1359 3310 ‘nam

263 3349 437 3432 ὀρθοέπεια
467 3374 534 3418 non
558 3353 685 3439 quaerit
707 3351 870 3439 quomodo
892 3353 1102 3418 scribendum
1134 3354 1185 3438 sit,
1218 3377 1289 3418 erim
1320 3355 1361 3419 ad

264 3462 357 3528 uocis
377 3461 488 3548 legem
505 3461 681 3548 adlegatus
703 3462 744 3526 sit
764 3462 822 3526 illo
844 3461 897 3548 qui
920 3462 1032 3527 scribit
1053 3463 1199 3551 (scripsit
1218 3466 1280 3552 P.)‚
1304 3464 1361 3528 sed

266 3581 317 3638 est
338 3573 491 3659 quaestio
505 3571 541 3636 iu
565 3571 742 3656 loquendo,
764 3581 800 3634 ut
819 3579 949 3652 forcipes
970 3581 1004 3636 et
1024 3579 1162 3655 forpioes,
1194 3583 1227 3637 et
1248 3599 1364 3640 arcesso

265 3692 299 3746 et
320 3705 436 3748 emerso
458 3681 522 3766 (his
544 3682 631 3747 enim
650 3681 820 3746 minimum
842 3682 904 3745 'erit
925 3681 1121 3765 dignoscere
1139 3682 1301 3768 quomodo
1315 3682 1360 3747 di-

263 3794 391 3872 eantur)
412 3791 551 3878 proinde
573 3815 611 3856 ac
636 3791 751 3854 dixero
775 3789 896 3855 scribes
929 3791 1009 3854 mihi
1034 3837 1041 3854 .
1066 3839 1073 3856 .
1097 3840 1103 3854 .
1127 3801 1159 3854 at
1189 3792 1360 3880 proprium

263 3899 489 3983 ὀρθογραφιάς
513 3911 572 3984 est,
603 3901 753 3985 quotiens
781 3901 815 3964 in
838 3901 928 3964 uocis
962 3900 1183 3966 enuntiatione
1205 3901 1287 3965 nihil
1311 3903 1357 3966 ui·

264 4009 380 4076 demus
390 4009 589 4096 ambiguum,
610 4020 645 4074 ut
666 4009 699 4074 in
721 4010 897 4095 scriptione
919 4019 986 4075 tota
998 4011 1170 4076 haesitatio
1182 4020 1231 4076 cst
1244 4012 1360 4100 posita,

263 4129 301 4184 nt
322 4142 396 4186 eum
419 4119 492 4184 dico
518 4128 609 4186 Troia
630 4121 729 4207 perI
756 4142 857 4186 unum
889 4144 930 4188 an
959 4141 1020 4206 per
1049 4120 1113 4185 duo
1134 4121 1279 4186 seribere
1307 4123 1360 4186 de-

263 4229 359 4293 beam
381 4277 415 4295 ..
437 4279 445 4296 .
466 4279 473 4293 .
496 4229 555 4295 sed
578 4229 653 4312 (nec
675 4229 725 4310 P.)
752 4237 866 4313 potest·
880 4229 914 4293 in
938 4229 1130 4316 quibusdam
1153 4229 1360 4314 ‹lodoyonps'a

264 4357 339 4406 oum
361 4335 534 4426 ‹iptosnsa'p
556 4338 695 4426 misceri,
715 4348 751 4404 ut
765 4340 944 4404 enuntiatio
961 4339 1224 4430 cumscriptione
1239 4340 1361 4428 pariter
