3126 5146
793 393 852 462 136

272 589 306 655 p.
327 567 398 632 482.
422 565 510 632 Χ83
530 565 644 652 pseu
669 574 888 653 exponuntur,
922 565 1010 652 quod
1039 565 1125 632 enirn
1162 573 1275 634 natura
1303 589 1368 632 non

273 677 385 742 subest
404 672 496 740 deest
517 674 733 740 multitudinis
756 697 859 743 casus.
1185 671 1187 680 ’

373 784 578 854 Contrarium
601 793 726 872 partem
749 784 894 850 eiusdem
918 785 1116 869 quaestionis
1130 785 1237 852 Varro
1256 794 1368 856 tracte·

272 897 322 960 uit
339 896 375 962 in
395 894 487 961 libris
518 893 566 959 de
587 893 784 960 utilitate
806 895 1031 978 sermonis,
1066 916 1203 980 querum
1224 894 1369 962 notitiam

273 1003 315 1069 ad
336 1027 396 1069 nos
414 1002 549 1092 pertulit
561 1003 728 1070 Charisius
743 1003 891 1091 p.123,3,
914 1003 969 1090 qui
992 1003 1099 1068 Plinio
1120 1011 1252 1069 auctore
1269 1027 1368 1070 unum

272 1114 411 1180 uerbum
440 1111 496 1198 (fr.
518 1113 639 1178 11ch.
664 1134 762 1198 supra
782 1135 813 1198 p.
824 1112 879 1196 34)
908 1134 950 1178 ex
971 1113 1055 1179 libro
1079 1122 1192 1200 quarto
1215 1113 1369 1180 seruauit.

272 1221 445 1288 utilitatem
467 1219 671 1286 similitudini
693 1221 829 1308 opponit
838 1221 947 1287 Varro
962 1221 1003 1286 de
1018 1223 1039 1286 l.
1054 1223 1075 1288 l.
1088 1221 1369 1309 V111148p.490:

273 1331 370 1414 ‘cum,
391 1329 552 1414 inquiunt,
574 1328 721 1394 utilitatis
738 1352 832 1394 causa
844 1328 1029 1394 introducta
1039 1327 1081 1396 sit
1095 1328 1208 1414 oratio,
1233 1350 1368 1415 sequen·

273 1440 352 1504 dum
372 1460 439 1503 non
463 1460 544 1523 quae
566 1439 698 1530 habebit
724 1437 972 1504 similitudinem
992 1439 1051 1504 sed
1080 1460 1162 1526 quac
1183 1438 1367 1506 utilitatem.

274 1569 346 1634 ego*
362 1545 494 1634 quidem
515 1545 661 1611 utilitatis
684 1569 780 1612 causa
797 1546 977 1613 orationem
998 1549 1116 1612 facum
1133 1548 1291 1634 concedo,
1312 1549 1370 1616 sed

272 1663 310 1721 ut
332 1655 573 1738 uestimentum,
603 1676 713 1742 quere,
743 1665 781 1719 ut
798 1654 853 1720 hio
874 1654 1102 1723 similitudines
1126 1651 1310 1745 sequemur,
1334 1668 1370 1722 ut

273 1765 376 1831 uirilis
408 1764 516 1830 tunica
543 1763 585 1828 sit
610 1764 698 1829 uirili
723 1765 846 1849 similis,
879 1764 957 1829 item
991 1773 1067 1851 toga
1094 1773 1200 1850 togae,
1232 1765 1279 1830 sic
1301 1789 1369 1830 mu·

273 1874 391 1940 lierum
415 1873 499 1939 stola
517 1883 554 1938 ut
576 1873 618 1938 sit
637 1873 739 1940 stolae
761 1873 972 1962 proportione
994 1881 1027 1938 et
1046 1871 1181 1962 pallium
1204 1873 1304 1962 pallio
1327 1874 1369 1940 si·

274 1983 362 2067 mile,
392 1982 437 2047 sic
461 2005 535 2047 cum
564 1982 629 2048 sint
656 1982 788 2047 nomina
815 1983 965 2047 utilitatis
988 2005 1096 2064 causa,
1112 1991 1236 2066 ,tamen
1263 1983 1371 2048 uirilia

274 2095 359 2158 inter
381 2116 416 2159 se
441 2093 568 2178 similia,
599 2093 679 2158 item
698 2093 872 2160 muliebria
900 2091 986 2158 inter
1012 2093 1162 2180 sesequi
1193 2093 1370 2178 debemus',

275 2204 465 2288 quibuscum
500 2204 615 2268 confer
645 2225 727 2288 quac
748 2203 838 2269 VIII
853 2203 894 2269 26
919 2226 951 2291 p.
962 2203 1026 2267 410
1036 2225 1083 2288 sq.
1114 2201 1148 2268 in
1177 2203 1371 2269 contrariam

274 2322 399 2399 partem
425 2313 586 2401 disputata
608 2322 691 2379 sunt.
714 2335 827 2379 ueram
845 2313 1002 2378 Varronis
1026 2313 1220 2378 sententiam
1245 2313 1286 2378 de
1310 2314 1371 2379 hac

273 2436 309 2480 rc
328 2424 361 2479 et
386 2414 475 2502 prior
493 2415 586 2480 locus
609 2425 641 2480 et
661 2437 743 2500 quae
766 2439 864 2504 supra
887 2437 929 2484 ex
949 2415 1032 2482 libro
1065 2424 1179 2483 octauo
1211 2414 1370 2502 adscripsi

274 2531 308 2588 ct
327 2532 413 2589 totus
436 2522 521 2589 liber
544 2523 689 2590 decimus
711 2523 861 2590 ostendit
898 2545 1090 2612 persuasum
1111 2523 1143 2588 ei
1164 2531 1243 2606 erat,
1262 2523 1296 2589 in
1318 2523 1372 2591 de·

273 2632 501 2697 clinationibus
524 2632 719 2718 analogiam,
753 2656 848 2720 qnam
873 2633 951 2718 quid
975 2655 1046 2698 esse
1068 2631 1174 2698 uoluit
1194 2655 1283 2700 nunc
1306 2649 1372 2697 nen

207 2743 214 2762 ³
260 2761 462 2828 persequor,
484 2761 613 2828 regere,
636 2750 864 2830 praeterquam
888 2741 975 2827 quod
997 2739 1119 2829 aliquid
1147 2740 1371 2828 perspicuitati

275 2860 307 2912 et
338 2847 491 2914 similium
523 2849 756 2915 uocabulorum
789 2833 990 2915 distinctioni
1021 2848 1269 2915 concedendum
1302 2868 1373 2916 esse

274 2956 409 3022 censuit.
453 2956 605 3042 idemque
627 2957 679 3022 hic
707 2979 835 3042 quoque
865 2953 1014 3044 docuisse
1038 2957 1179 3044 uidetur.
1224 2957 1259 3022 in
1280 2957 1372 3024 libris

275 3065 360 3131 eninr
382 3065 423 3130 de
439 3067 552 3150 lingua
568 3065 678 3150 latina,
700 3067 755 3131 ubi
780 3067 886 3132 omnia
909 3067 1138 3155 conplectitur,
1160 3075 1373 3154 quancontra

274 3174 458 3259 analogiam
482 3185 515 3238 et
534 3195 594 3260 pro
617 3198 654 3240 ea
677 3175 816 3241 dicenda
840 3175 914 3260 sint,
935 3184 1254 3266 utramquepartem
1276 3199 1372 3264 quam

274 3283 456 3350 firmissime
479 3283 658 3348 defendere
679 3307 746 3349 non
768 3284 873 3376 solum
896 3283 1025 3368 licebat,
1053 3284 1112 3350 sed
1132 3307 1268 3352 necesse
1289 3294 1372 3371 erat,

274 3403 438 3481 postremo
461 3405 569 3459 autern
593 3419 686 3460 suum
701 3396 923 3482 pronuntiauit
936 3395 1092 3462 indicium
1113 3396 1212 3484 idque
1235 3417 1372 3482 conpro-

273 3505 364 3596 bauit
384 3503 592 3571 ualidissimis
615 3505 826 3591 argumentis,
848 3528 912 3591 quo
925 3504 1128 3590 sactoneque
1141 3504 1215 3591 ipse
1227 3505 1371 3570 incertus

271 3617 360 3679 inter
375 3623 549 3700 utrumque
568 3614 716 3679 fluctuari
738 3614 921 3696 uidebatur,
944 3623 977 3678 et
996 3614 1138 3678 lectores
1162 3613 1239 3698 quid
1264 3612 1372 3679 dehis

275 3725 371 3788 rebus
396 3721 647 3786 existimandum
679 3722 720 3787 sit
749 3722 925 3788 discebant.
969 3721 1103 3786 nimium
1127 3743 1206 3787 uero
1230 3721 1371 3786 Vononi

275 3831 457 3927 tribuimus,
491 3832 613 3896 sicum
637 3831 670 3896 in
701 3829 757 3896 illo
781 3852 880 3917 opere
903 3829 1053 3917 alterum,
1084 3831 1223 3922 alterum
1252 3829 1285 3894 in
1309 3829 1372 3895 hoc

276 3939 461 4006 defendisse
493 3941 528 4006 in
560 3962 685 4006 morem
708 3941 926 4032 sophistarum
953 3939 1121 4030 putamus,
1143 3939 1200 4032 scd
1234 3939 1372 4004 candem

276 4051 468 4116 sententiam
482 4051 603 4150 pbique
620 4050 704 4115 tueri
720 4050 843 4134 debuit,
865 4050 927 4116 nisi
949 4051 1035 4116 forte
1056 4049 1205 4138 pluribus
1228 4051 1372 4138 practer-

275 4159 374 4246 lapsis
395 4159 488 4226 aunis
513 4170 609 4226 antea
632 4182 667 4226 se
690 4159 851 4232 errauisse
871 4159 1045 4242 intellexit,
1061 4159 1244 4246 quodcum
1266 4167 1372 4246 poste-

274 4267 413 4333 rioribus
437 4267 566 4333 demum
589 4268 675 4332 uitae
696 4268 788 4333 annis
811 4268 861 4332 his
886 4267 1126 4354 quaestionibus
1143 4267 1305 4348 studuisse
1325 4266 1371 4332 ui·
