3140 5148
693 463 757 522 185·

174 641 427 709 consonantibus
459 641 566 710 media
591 641 777 708 intercedat
809 639 982 728 aspiratio,
1018 637 1105 727 quod
1136 636 1271 704 mihime

174 760 303 818 rectum
325 752 466 838 antiquis
488 750 670 819 uidebatur.
1052 761 1055 766 “

189 1029 193 1034 .
273 983 407 1045 58481).
445 982 538 1054 Quint
556 987 570 1040 1
587 988 613 1055 h,
633 986 681 1040 19:
713 987 765 1040 Illa
788 999 856 1040 uero
884 984 995 1039 nonnisi
1020 1001 1087 1039 aurs
1113 969 1279 1054 exiguntur,¹

109 1085 112 1090 ·
173 1073 245 1126 quae
263 1055 404 1128 fiuntper
423 1075 514 1113 sonos.
546 1076 728 1128 ¹quamquam
746 1076 797 1128 per
817 1057 1041 1130 adspirationem,
1067 1057 1126 1110 siue
1152 1056 1273 1130 adicitur

175 1129 276 1182 uitiose
295 1128 353 1182 siue
371 1128 536 1199 detrahitur,
564 1131 638 1200 apud
657 1147 707 1184 nos
726 1131 819 1200 potest
837 1128 933 1198 quaeri
951 1146 986 1181 an
1005 1126 1158 1196 inscripto
1178 1129 1215 1182 sit
1232 1126 1273 1180 ui*

175 1197 255 1266 turm,
274 1199 298 1254 si
315 1197 344 1254 H
362 1197 462 1254 littera
477 1206 528 1270 est,
547 1219 604 1256 uon
623 1205 698 1256 nota.
740 1201 819 1256 euius
843 1200 957 1268 quidam
985 1200 1058 1253 ratio
1084 1201 1192 1253 mutata
1210 1211 1273 1253 oum

176 1271 411 1340 temporibusest
433 1272 550 1344 saepius,
587 1273 749 1342 parcissime
775 1289 809 1326 ea
828 1276 938 1326 ueteres
959 1271 1002 1324 usi
1021 1271 1105 1326 etiam
1123 1271 1153 1323 in
1170 1269 1273 1345 uocali-

175 1343 237 1408 hus,
257 1359 320 1396 oum
338 1343 421 1396 oedos
438 1343 566 1413 ircosque
585 1344 724 1411 dicebant,
735 1343 782 1398 diu
793 1342 893 1397 deinde
909 1347 1050 1397 seruatum
1067 1346 1108 1396 ne
1122 1358 1274 1395 consonan-

176 1413 251 1467 tibus
270 1413 427 1484 aspirarent
444 1418 477 1467 ut
494 1416 524 1469 in
535 1416 650 1472 Graccis
669 1421 698 1470 et
717 1411 747 1470 iri
764 1415 901 1484 triumpis.
940 1414 1035 1484 erupit
1048 1413 1129 1468 breui
1146 1417 1280 1482 tempore

177 1485 279 1538 nimius
297 1503 372 1551 usus,
390 1490 422 1540 ut
442 1486 578 1540 choronae
598 1487 793 1541 chenturiones
813 1486 985 1556 praechones
1002 1485 1092 1541 adhuc
1108 1483 1274 1554 quibusdam

176 1555 571 1683 {tttltttttttttnt
582 1556 1274 1698 ttttti{titttttttttttttttttttlt
1295 1605 1317 1654 „

179 1699 260 1752 mehe
278 1716 386 1768 quoque
406 1717 457 1769 pro
473 1648 602 1770 meqapud
620 1701 748 1770 antiquos
765 1700 971 1770 tragoediarum
990 1699 1139 1769 praecipue
1158 1668 1275 1768 sehipto-

179 1787 229 1823 res
241 1770 272 1826 in
290 1770 432 1828 ueteribus
448 1771 528 1827 libris
546 1773 710 1830 inuenimus.
747 1772 815 1826 Gell.
826 1771 925 1838 xvls,
936 1771 966 1826 6:
985 1788 1099 1826 nemens
1111 1791 1135 1826 .’.
1147 1787 1182 1825 ,α
1198 1787 1275 1836 men-

178 1841 215 1898 tia
234 1841 264 1894 ui
281 1844 365 1910 atque
381 1842 488 1910 impetu
510 1841 621 1898 dicitur.
659 1841 1081 1910 cf.Maor0b.sat.V18,1a
1106 1841 1273 1910 Velhong.
1366 1845 1374 1854 '

178 1930 205 1982 p.
216 1911 341 1980 2234P.:
362 1913 512 1968 uoluerunt
530 1913 600 1970 item
618 1915 701 1972 alium
721 1931 780 1972 esse
794 1915 918 1970 Cilonem
930 1914 1013 1969 alium
1023 1912 1174 1982 Chilonem,
1188 1917 1219 1968 et
1232 1911 1275 1968 ci-

177 1985 255 2038 lones
273 1981 398 2040 homines
417 1986 513 2040 uocari
531 1986 644 2056 angusti
662 1985 762 2056 capitis
788 1991 817 2040 et
842 1985 964 2055 ohlongi,
990 1985 1118 2040 Chilones
1139 2001 1207 2040 uero
1225 1984 1275 2050 im,

160 2053 357 2127 xprohior'ibus
376 2055 463 2111 labris
481 2055 607 2113 homines
626 2077 644 2114 a
662 2057 768 2113 Graeco
787 2053 862 2128 παρὰ
880 2054 913 2112 τὰ
930 2058 1017 2128 χείλη.
1060 2055 1124 2110 talis
1145 2055 1282 2125 quaestio=

179 2131 222 2181 est
239 2126 315 2182 eirca
332 2127 461 2184 cohortes
479 2133 508 2182 et
528 2134 647 2197 coortas,
672 2130 720 2186 ubi
738 2129 878 2184 diuersam
896 2146 956 2183 esse
975 2126 1206 2198 significationem
1226 2143 1274 2184 uo·

176 2199 289 2255 luerunt
309 2198 493 2268 grammatici,
513 2204 545 2253 ut
562 2204 672 2256 coertes
690 2201 747 2254 sint
765 2201 902 2266 uillarum,
916 2200 989 2254 unde
1005 2199 1130 2254 hominos
1149 2198 1275 2255 coorien-

66 2339 68 2343 .
178 2274 226 2324 tur
244 2267 359 2340 pariter.
388 2271 465 2324 oriri
483 2271 591 2326 enims
632 2271 796 2342 dantiquos
814 2289 929 2341 surgere
953 2271 1114 2340 frequenter
1138 2269 1275 2340 significa·

178 2342 238 2408 bat,
256 2343 288 2394 ut
301 2346 422 2412 apparet
440 2342 470 2396 in
487 2345 592 2412 eoquo
632 2343 749 2400 dicitur:
769 2343 875 2398 ‘Oriens
886 2343 983 2397 consul
995 2343 1160 2412 magistrum
1177 2339 1283 2410 populi¹

180 2411 274 2479 dicat’,
286 2412 360 2484 quod
373 2417 416 2469 est
428 2431 552 2486 surgens.
591 2419 620 2468 at
640 2413 768 2474 cohortes
786 2413 905 2470 militum
925 2432 941 2480 a,
958 2418 1056 2480 mutua
1072 2412 1274 2478 cohortatione.

179 2501 245 2540 uam
265 2487 357 2556 cortes
376 2483 503 2543 audinus
523 2484 634 2555 quidem
653 2485 738 2556 uolgo
760 2487 808 2540 sed
825 2487 945 2542 barbare
966 2485 1029 2540 dici.
1073 2483 1107 2538 de
1133 2484 1284 2554 superiore-

180 2553 337 2618 differentia
350 2555 423 2610 mihi
441 2555 517 2610 aliud
535 2557 658 2622 uidetur,
684 2555 761 2626 quod
787 2576 850 2616 oum
878 2556 1005 2627 superius
1028 2556 1064 2610 de
1078 2554 1277 2625 *adspiratione

178 2628 308 2695 loquerer
325 2627 444 2696 ostendi,
462 2627 491 2681 id
512 2645 621 2698 quoque
641 2629 719 2686 illum
738 2629 834 2696 (anibi
854 2646 964 2698 quoque
981 2628 1090 2697 iusmr)
1109 2627 1276 2696 sibilorum

178 2697 286 2766 fecisse,
299 2715 361 2753 cum
372 2698 494 2768 alioquin
502 2717 560 2756 non
577 2699 792 2769 desideraretur,
810 2704 842 2754 ut
859 2701 889 2754 in
906 2700 1071 2756 uehemeute
1088 2702 1117 2753 et
1134 2699 1165 2754 iu
1182 2715 1285 2768 repre«

178 2769 274 2840 hanso,
285 2786 347 2828 cam
359 2787 488 2826 neemens
501 2776 529 2826 et
538 2789 687 2840 reprensus
701 2772 759 2826 siue
772 2771 962 2841 adspiratione
977 2771 1150 2827 emendatius
1158 2770 1286 2836 dicatur„

178 2858 243 2897 nam
259 2845 319 2894 tem
335 2841 455 2896 militum
475 2860 556 2911 quam
574 2843 741 2899 rusticorum
760 2849 870 2898 coortes
889 2847 961 2910 sunt,
972 2844 996 2897 si
1006 2843 1157 2912 quidemst
1171 2842 1284 2904 milites,

181 2929 196 2987 e
216 2911 328 2971 rusticis
347 2916 376 2966 et
395 2931 429 2968 ex
450 2913 574 2971 eiusdem
593 2914 717 2984 regionis
735 2913 893 2978 hominibus
912 2915 1167 2982 conscribebantur,
1193 2919 1225 2970 ut
1248 2916 1277 2969 et

179 2999 330 3054 agnoscere
349 2987 378 3037 et
396 2985 469 3056 tueri
480 2984 605 3058 ¹inuicem
614 2987 735 3054 possint„
751 2993 784 3056 es.
796 2985 1116 3055 CassiodoriVel.Loug.
1125 3003 1152 3054 p.
1163 2983 1274 3041 228lP.

181 3053 339 3124 Cassiodori
358 3055 472 3112 Cornut,
489 3073 515 3127 p.
526 3056 650 3117 tasas:
669 3057 817 3126 uehemens
837 3061 866 3112 et
883 3074 996 3110 uemens
1012 3057 1087 3128 apud
1102 3057 1229 3124 antiquus
1248 3059 1283 3110 et,

179 3125 255 3196 apud
273 3123 434 3183 Ciceronem
454 3129 526 3197 lege,
545 3145 631 3196 aeque
650 3129 792 3199 prehendo
812 3133 841 3186 et
857 3129 974 3199 prendo,
995 3128 1108 3183 hercule
1127 3132 1156 3192 st
1173 3127 1285 3195 hercle„

179 3197 249 3252 nihil
266 3199 294 3252 et
313 3197 360 3252 nil.
398 3199 467 3254 haec
496 3199 644 3254 obseruare
669 3217 701 3254 ca
728 3205 809 3254 tenus
836 3200 943 3270 poteris
962 3199 1277 3268 consuetudinepotius

199 3286 261 3327 uam
281 3269 401 3340 ratione,
422 3271 452 3324 in
476 3269 522 3331 his.
541 3271 692 3345 praecipue
717 3271 820 3338 uerbis,
849 3289 920 3340 quae
939 3271 1156 3341 adspirationem
1173 3269 1277 3336 habere

181 3287 293 3394 debent.
329 3339 405 3395 Fest.
424 3341 504 3394 Pauli
520 3360 546 3410 p.
558 3341 594 3396 84
602 3340 638 3401 Μ.
651 3363 663 3410 ιῚ
680 3343 794 3398 foedum
816 3342 924 3412 antiqui
949 3342 1081 3398 dicebant
1107 3360 1159 3412 pro
1176 3340 1276 3408 hoedo,

180 3411 252 3466 folus
270 3429 321 3482 pro
341 3413 424 3480 olere,
444 3412 545 3466 fostem
563 3431 614 3483 pro
632 3414 721 3481 hoste,
739 3413 851 3472 fostiam
868 3431 920 3483 pro
939 3413 1039 3468 hostia.
1058 3432 1085 3483 p.
1097 3413 1128 3468 7:
1143 3413 1218 3478 aliea
1237 3411 1285 3476 di-⁴

180 3483 254 3537 citur
270 3481 347 3552 quod
365 3484 415 3538 alit
434 3501 542 3554 eorpus.
562 3502 590 3553 p.
605 3485 669 3541 102:
688 3485 788 3543 hortus
806 3485 880 3554 apud
898 3485 1028 3556 antiquos
1046 3485 1134 3540 omnis
1152 3485 1220 3538 uilla
1236 3483 1277 3540 dt-
1311 3547 1314 3556 s

180 3553 303 3620 cebatup,
322 3551 454 3626 quodibi
472 3555 613 3624 quiarma
632 3573 730 3626 capere
743 3557 864 3625 ,possint
888 3556 1046 3610 orirentur..
1075 3555 1155 3610 Char.
1172 3555 1274 3626 pilos,

180 3625 229 3680 21:
248 3623 353 3683 harena
372 3625 476 3683 dicitur
494 3627 569 3696 quod
586 3629 702 3684 haereat
720 3631 751 3682 et
768 3644 852 3685 arena
870 3627 945 3696 quad
964 3633 1050 3696 areat,
1059 3628 1168 3696 &aaut
1181 3633 1276 3692 tamea

180 3714 242 3752 cum
270 3696 459 3767 adspiratione
484 3705 572 3754 sonat.
614 3699 684 3752 Mar.
703 3699 775 3754 Viot.
796 3699 852 3765 14,
872 3697 1088 3767 aspersae:
1116 3698 1199 3766 pideo
1224 3716 1275 3752 uos

180 3784 261 3838 saepe
280 3771 309 3822 et
328 3786 393 3823 orco
418 3773 446 3822 et
464 3770 617 3824 uuleanoH
634 3771 758 3826 litteram
776 3771 943 3843 relinquare,
962 3770 1011 3824 sed
1032 3769 1116 3825 credo
1135 3789 1185 3824 uos
1205 3770 1275 3823 anti·

181 3839 317 3908 quitatem
335 3837 420 3909 s'equi.
448 3839 496 3893 sed
514 3858 577 3894 eum
595 3843 732 3911 asperitas
750 3845 831 3896 uetus
851 3841 901 3895 tlla
918 3841 1052 3911 paulatim
1070 3839 1107 3895 ad
1127 3841 1277 3914 elegantio-

180 3911 219 3964 ris
238 3911 314 3965 uitae
334 3911 523 3980 sermonisque
541 3917 583 3966 est
602 3914 694 3967 limam
708 3913 855 3983 perpolita,
873 3914 913 3967 sie
931 3931 981 3967 uos
1001 3930 1109 3982 quoque
1127 3912 1176 3967 has
1193 3928 1277 3971 uoces

181 3981 239 4036 siue
259 3981 286 4035 H
303 3983 695 4038 secundumconsuetudinem
713 3985 804 4038 nostri
823 3985 909 4040 seculi
927 3985 1051 4039 scribite.
1087 3985 1154 4038 item
1173 3985 1278 4038 ¹corona

180 4053 662 4195 titttttlttattsstttt
678 4056 751 4182 Heli
768 4054 1276 4196 &stititdttttttntsttttt

180 4195 331 4264 ignoratis,
357 4195 465 4250 inducti
489 4196 607 4252 fortasse
637 4215 669 4252 eo
697 4200 772 4267 quod
799 4199 906 4268 legistis
934 4203 1116 4268 praeceptum
1146 4199 1286 4268 antiquo-¹¹

181 4283 251 4334 rum,
266 4267 322 4336 qui
348 4266 427 4326 alunt
439 4285 442 4293 ⁴
455 4263 543 4322 scribi
564 4269 676 4338 quidem
701 4271 827 4324 otnnibus
848 4270 951 4325 litteris
977 4274 1129 4340 oportere,
1142 4267 1179 4324 ini
1192 4275 1286 4324 anans·

180 4337 275 4392 tiendo
296 4341 389 4393 autern
408 4338 539 4407 quasdam
559 4341 667 4395 litteras
686 4341 797 4410 elidere,
817 4342 846 4396 iu
865 4356 941 4415 quoe
955 4379 979 4394 ,ι
996 4341 1040 4396 his
1058 4342 1195 4414 pesam,
1203 4340 1287 4416 quedl
