<?xml version="1.0" encoding="UTF-8"?>
<!DOCTYPE html PUBLIC "-//W3C//DTD XHTML 1.0 Transitional//EN"
    "http://www.w3.org/TR/xhtml1/DTD/xhtml1-transitional.dtd">
<html xmlns="http://www.w3.org/1999/xhtml" xml:lang="en" lang="en">
 <head>
  <title>
</title>
<meta http-equiv="Content-Type" content="text/html;charset=utf-8" />
  <meta name='ocr-system' content='tesseract 3.04.00' />
  <meta name='ocr-capabilities' content='ocr_page ocr_carea ocr_par ocr_line ocrx_word'/>
</head>
<body>
  <div class='ocr_page' id='page_1' title='image "./demterentivarro00wilmgoog_0203.png"; bbox 0 0 3140 5148; ppageno 0'>
   <div class='ocr_carea' id='block_1_1' title="bbox 825 435 884 496">
    <p class='ocr_par' dir='ltr' id='par_1_1' title="bbox 825 435 884 496">
     <span class='ocr_line' id='line_1_1' title="bbox 825 435 884 496; baseline 0.034 -2"><span class='ocrx_word' id='word_1_1' title='bbox 825 435 884 496; x_wconf 85' lang='lat'><strong>190</strong></span> 
     </span>
    </p>
   </div>
   <div class='ocr_carea' id='block_1_2' title="bbox 259 606 1478 2555">
    <p class='ocr_par' dir='ltr' id='par_1_2' title="bbox 259 606 1478 2555">
     <span class='ocr_line' id='line_1_2' title="bbox 306 606 1400 700; baseline 0.005 -28"><span class='ocrx_word' id='word_1_2' title='bbox 306 606 492 680; x_wconf 88' lang='lat' dir='ltr'><strong>nominibus</strong></span> <span class='ocrx_word' id='word_1_3' title='bbox 516 606 686 676; x_wconf 86' lang='lat' dir='ltr'><strong>intellectu</strong></span> <span class='ocrx_word' id='word_1_4' title='bbox 709 609 856 696; x_wconf 86' lang='lat' dir='ltr'><strong>procliue</strong></span> <span class='ocrx_word' id='word_1_5' title='bbox 880 617 930 677; x_wconf 81' lang='lat' dir='ltr'><strong>est</strong></span> <span class='ocrx_word' id='word_1_6' title='bbox 951 619 1018 677; x_wconf 87' lang='lat' dir='ltr'><strong>tres</strong></span> <span class='ocrx_word' id='word_1_7' title='bbox 1041 611 1161 699; x_wconf 88' lang='lat' dir='ltr'><strong>primas</strong></span> <span class='ocrx_word' id='word_1_8' title='bbox 1185 633 1257 680; x_wconf 85' lang='lat' dir='ltr'><strong>esse</strong></span> <span class='ocrx_word' id='word_1_9' title='bbox 1279 612 1400 700; x_wconf 90' lang='lat' dir='ltr'><strong>simpli-</strong></span> 
     </span>
     <span class='ocr_line' id='line_1_3' title="bbox 308 701 1402 810; baseline 0 -28"><span class='ocrx_word' id='word_1_10' title='bbox 308 737 362 782; x_wconf 88' lang='lat' dir='ltr'><strong>ces</strong></span> <span class='ocrx_word' id='word_1_11' title='bbox 395 725 427 781; x_wconf 91' lang='lat' dir='ltr'><strong>et</strong></span> <span class='ocrx_word' id='word_1_12' title='bbox 453 739 520 784; x_wconf 89' lang='lat' dir='ltr'><strong>non</strong></span> <span class='ocrx_word' id='word_1_13' title='bbox 551 716 631 784; x_wconf 88' lang='lat' dir='ltr'><strong>alias</strong></span> <span class='ocrx_word' id='word_1_14' title='bbox 660 701 756 804; x_wconf 81' lang='lat' dir='ltr'><strong>quam</strong></span> <span class='ocrx_word' id='word_1_15' title='bbox 786 721 921 800; x_wconf 81' lang='grc' dir='ltr'><em>βαρεῖαν</em></span> <span class='ocrx_word' id='word_1_16' title='bbox 940 717 1042 804; x_wconf 77' lang='grc' dir='ltr'>μέσην</span> <span class='ocrx_word' id='word_1_17' title='bbox 1077 719 1191 797; x_wconf 74' lang='grc' dir='ltr'><strong><em>ὀξεῖαν,</em></strong></span> <span class='ocrx_word' id='word_1_18' title='bbox 1224 729 1402 810; x_wconf 85' lang='lat' dir='ltr'><strong>postremas</strong></span> 
     </span>
     <span class='ocr_line' id='line_1_4' title="bbox 305 825 1402 918; baseline 0.003 -26"><span class='ocrx_word' id='word_1_19' title='bbox 305 833 415 892; x_wconf 51' lang='lat' dir='ltr'><strong>¹autem</strong></span> <span class='ocrx_word' id='word_1_20' title='bbox 435 835 502 892; x_wconf 86' lang='lat' dir='ltr'><strong>tres</strong></span> <span class='ocrx_word' id='word_1_21' title='bbox 523 825 674 915; x_wconf 82' lang='lat' dir='ltr'><strong>duplices</strong></span> <span class='ocrx_word' id='word_1_22' title='bbox 696 839 729 894; x_wconf 89' lang='lat' dir='ltr'><strong>et</strong></span> <span class='ocrx_word' id='word_1_23' title='bbox 760 829 851 917; x_wconf 86' lang='lat' dir='ltr'><strong>quasi</strong></span> <span class='ocrx_word' id='word_1_24' title='bbox 884 831 1009 918; x_wconf 87' lang='lat' dir='ltr'><strong>species</strong></span> <span class='ocrx_word' id='word_1_25' title='bbox 1040 832 1136 898; x_wconf 91' lang='lat' dir='ltr'><strong>unius</strong></span> <span class='ocrx_word' id='word_1_26' title='bbox 1168 831 1286 915; x_wconf 84' lang='lat' dir='ltr'><strong>flexae,</strong></span> <span class='ocrx_word' id='word_1_27' title='bbox 1318 851 1402 916; x_wconf 89' lang='lat' dir='ltr'><strong>quae</strong></span> 
     </span>
     <span class='ocr_line' id='line_1_5' title="bbox 307 938 1443 1020; baseline 0.005 -20"><span class='ocrx_word' id='word_1_28' title='bbox 307 944 356 1000; x_wconf 89' lang='lat' dir='ltr'><strong>est</strong></span> <span class='ocrx_word' id='word_1_29' title='bbox 377 956 501 1020; x_wconf 79' lang='lat' dir='ltr'><strong>genere</strong></span> <span class='ocrx_word' id='word_1_30' title='bbox 522 959 596 1004; x_wconf 86' lang='lat' dir='ltr'><strong>una.</strong></span> <span class='ocrx_word' id='word_1_31' title='bbox 638 938 724 1004; x_wconf 89' lang='lat' dir='ltr'><strong>hanc</strong></span> <span class='ocrx_word' id='word_1_32' title='bbox 757 939 844 1006; x_wconf 91' lang='lat' dir='ltr'><strong>enim</strong></span> <span class='ocrx_word' id='word_1_33' title='bbox 872 939 960 1006; x_wconf 89' lang='lat' dir='ltr'><strong>flecti</strong></span> <span class='ocrx_word' id='word_1_34' title='bbox 985 963 1052 1008; x_wconf 89' lang='lat' dir='ltr'><strong>non</strong></span> <span class='ocrx_word' id='word_1_35' title='bbox 1081 961 1145 1006; x_wconf 89' lang='lat' dir='ltr'><strong>uno</strong></span> <span class='ocrx_word' id='word_1_36' title='bbox 1168 939 1264 1006; x_wconf 91' lang='lat' dir='ltr'><strong>modo</strong></span> <span class='ocrx_word' id='word_1_37' title='bbox 1288 959 1401 1006; x_wconf 88' lang='lat' dir='ltr'><strong>omnes</strong></span> <span class='ocrx_word' id='word_1_38' title='bbox 1439 963 1443 970; x_wconf 89' lang='lat'><strong>·</strong></span> 
     </span>
     <span class='ocr_line' id='line_1_6' title="bbox 277 1044 1401 1137; baseline 0.008 -31"><span class='ocrx_word' id='word_1_39' title='bbox 277 1049 517 1130; x_wconf 76' lang='lat' dir='ltr'><strong>bputauerunt,</strong></span> <span class='ocrx_word' id='word_1_40' title='bbox 527 1044 762 1114; x_wconf 82' lang='lat' dir='ltr'><strong>Eratosthenes</strong></span> <span class='ocrx_word' id='word_1_41' title='bbox 787 1071 831 1116; x_wconf 84' lang='lat' dir='ltr'><strong>cx</strong></span> <span class='ocrx_word' id='word_1_42' title='bbox 854 1058 946 1135; x_wconf 89' lang='lat' dir='ltr'><strong>parte</strong></span> <span class='ocrx_word' id='word_1_43' title='bbox 968 1049 1077 1137; x_wconf 89' lang='lat' dir='ltr'><strong>priore</strong></span> <span class='ocrx_word' id='word_1_44' title='bbox 1101 1057 1196 1115; x_wconf 88' lang='lat' dir='ltr'><strong>acuta</strong></span> <span class='ocrx_word' id='word_1_45' title='bbox 1215 1047 1401 1134; x_wconf 84' lang='lat' dir='ltr'><strong>ingranam</strong></span> 
     </span>
     <span class='ocr_line' id='line_1_7' title="bbox 306 1153 1403 1246; baseline 0.002 -28"><span class='ocrx_word' id='word_1_46' title='bbox 306 1153 533 1242; x_wconf 74' lang='lat' dir='ltr'><strong>posteriorem,</strong></span> <span class='ocrx_word' id='word_1_47' title='bbox 553 1155 747 1222; x_wconf 87' lang='lat' dir='ltr'><strong>Theodorus</strong></span> <span class='ocrx_word' id='word_1_48' title='bbox 783 1166 891 1224; x_wconf 88' lang='lat' dir='ltr'><strong>autem</strong></span> <span class='ocrx_word' id='word_1_49' title='bbox 919 1158 1093 1246; x_wconf 84' lang='lat' dir='ltr'><strong>aliquando</strong></span> <span class='ocrx_word' id='word_1_50' title='bbox 1126 1159 1224 1224; x_wconf 88' lang='lat' dir='ltr'><strong>etiam</strong></span> <span class='ocrx_word' id='word_1_51' title='bbox 1244 1179 1288 1223; x_wconf 82' lang='lat' dir='ltr'><strong>ex</strong></span> <span class='ocrx_word' id='word_1_52' title='bbox 1308 1156 1403 1244; x_wconf 84' lang='lat' dir='ltr'><strong>graui</strong></span> 
     </span>
     <span class='ocr_line' id='line_1_8' title="bbox 264 1261 1401 1354; baseline 0.004 -28"><span class='ocrx_word' id='word_1_53' title='bbox 264 1323 272 1336; x_wconf 23' lang='grc' dir='ltr'>κ</span> <span class='ocrx_word' id='word_1_54' title='bbox 306 1261 340 1326; x_wconf 87' lang='lat' dir='ltr'><strong>in</strong></span> <span class='ocrx_word' id='word_1_55' title='bbox 365 1263 543 1332; x_wconf 78' lang='lat' dir='ltr'><strong>acutiorem</strong></span> <span class='ocrx_word' id='word_1_56' title='bbox 565 1263 762 1331; x_wconf 84' lang='lat' dir='ltr'><strong>excendere.</strong></span> <span class='ocrx_word' id='word_1_57' title='bbox 792 1275 937 1334; x_wconf 87' lang='lat' dir='ltr'><strong>ceterum</strong></span> <span class='ocrx_word' id='word_1_58' title='bbox 948 1267 1055 1333; x_wconf 88' lang='lat' dir='ltr'><strong>Varro</strong></span> <span class='ocrx_word' id='word_1_59' title='bbox 1077 1266 1113 1334; x_wconf 88' lang='lat' dir='ltr'><strong>in</strong></span> <span class='ocrx_word' id='word_1_60' title='bbox 1135 1276 1307 1354; x_wconf 81' lang='lat' dir='ltr'><strong>utramque</strong></span> <span class='ocrx_word' id='word_1_61' title='bbox 1329 1289 1401 1354; x_wconf 86' lang='lat' dir='ltr'><strong>par·</strong></span> 
     </span>
     <span class='ocr_line' id='line_1_9' title="bbox 306 1372 1398 1464; baseline 0.005 -29"><span class='ocrx_word' id='word_1_62' title='bbox 306 1380 372 1436; x_wconf 87' lang='lat' dir='ltr'><strong>tem</strong></span> <span class='ocrx_word' id='word_1_63' title='bbox 396 1372 522 1439; x_wconf 87' lang='lat' dir='ltr'><strong>moueri</strong></span> <span class='ocrx_word' id='word_1_64' title='bbox 545 1372 730 1458; x_wconf 77' lang='lat' dir='ltr'><strong>arbitratur,</strong></span> <span class='ocrx_word' id='word_1_65' title='bbox 752 1397 858 1464; x_wconf 91' lang='lat' dir='ltr'><strong>neque</strong></span> <span class='ocrx_word' id='word_1_66' title='bbox 883 1377 944 1442; x_wconf 91' lang='lat' dir='ltr'><strong>hoc</strong></span> <span class='ocrx_word' id='word_1_67' title='bbox 970 1377 1064 1442; x_wconf 83' lang='lat' dir='ltr'><strong>facile</strong></span> <span class='ocrx_word' id='word_1_68' title='bbox 1088 1376 1160 1442; x_wconf 80' lang='lat' dir='ltr'><strong>ficri</strong></span> <span class='ocrx_word' id='word_1_69' title='bbox 1185 1376 1256 1447; x_wconf 87' lang='lat' dir='ltr'><strong>sine</strong></span> <span class='ocrx_word' id='word_1_70' title='bbox 1280 1373 1398 1457; x_wconf 84' lang='lat' dir='ltr'><strong>media,</strong></span> 
     </span>
     <span class='ocr_line' id='line_1_10' title="bbox 306 1480 1400 1574; baseline 0.003 -28"><span class='ocrx_word' id='word_1_71' title='bbox 306 1501 442 1571; x_wconf 87' lang='lat' dir='ltr'><strong>eamque</strong></span> <span class='ocrx_word' id='word_1_72' title='bbox 463 1490 575 1546; x_wconf 86' lang='lat' dir='ltr'><strong>acutae</strong></span> <span class='ocrx_word' id='word_1_73' title='bbox 598 1480 803 1552; x_wconf 86' lang='lat' dir='ltr'><strong>coniunctam</strong></span> <span class='ocrx_word' id='word_1_74' title='bbox 828 1484 1023 1574; x_wconf 81' lang='lat' dir='ltr'><strong>plerumque</strong></span> <span class='ocrx_word' id='word_1_75' title='bbox 1057 1507 1128 1553; x_wconf 89' lang='lat' dir='ltr'><strong>esse</strong></span> <span class='ocrx_word' id='word_1_76' title='bbox 1161 1485 1271 1573; x_wconf 88' lang='lat' dir='ltr'><strong>potius</strong></span> <span class='ocrx_word' id='word_1_77' title='bbox 1304 1507 1400 1572; x_wconf 90' lang='lat' dir='ltr'><strong>quam</strong></span> 
     </span>
     <span class='ocr_line' id='line_1_11' title="bbox 259 1589 1403 1683; baseline 0.003 -31"><span class='ocrx_word' id='word_1_78' title='bbox 259 1597 294 1652; x_wconf 91' lang='lat'><strong>10</strong></span> <span class='ocrx_word' id='word_1_79' title='bbox 306 1607 453 1676; x_wconf 82' lang='lat' dir='ltr'><strong>grauem,</strong></span> <span class='ocrx_word' id='word_1_80' title='bbox 475 1589 563 1676; x_wconf 90' lang='lat' dir='ltr'><strong>quod</strong></span> <span class='ocrx_word' id='word_1_81' title='bbox 584 1611 621 1655; x_wconf 89' lang='lat' dir='ltr'><strong>ea</strong></span> <span class='ocrx_word' id='word_1_82' title='bbox 643 1591 778 1679; x_wconf 90' lang='lat' dir='ltr'><strong>propius</strong></span> <span class='ocrx_word' id='word_1_83' title='bbox 798 1602 969 1683; x_wconf 88' lang='lat' dir='ltr'><strong>utramque</strong></span> <span class='ocrx_word' id='word_1_84' title='bbox 992 1605 1051 1682; x_wconf 90' lang='lat' dir='ltr'><strong>est,</strong></span> <span class='ocrx_word' id='word_1_85' title='bbox 1066 1617 1161 1681; x_wconf 92' lang='lat' dir='ltr'><strong>quam</strong></span> <span class='ocrx_word' id='word_1_86' title='bbox 1181 1593 1238 1660; x_wconf 89' lang='lat' dir='ltr'><strong>illa</strong></span> <span class='ocrx_word' id='word_1_87' title='bbox 1254 1591 1403 1682; x_wconf 82' lang='lat' dir='ltr'><strong>superior</strong></span> 
     </span>
     <span class='ocr_line' id='line_1_12' title="bbox 307 1697 695 1785; baseline 0 -21"><span class='ocrx_word' id='word_1_88' title='bbox 307 1706 339 1764; x_wconf 91' lang='lat' dir='ltr'><strong>et</strong></span> <span class='ocrx_word' id='word_1_89' title='bbox 361 1698 496 1766; x_wconf 79' lang='lat' dir='ltr'><strong>interior</strong></span> <span class='ocrx_word' id='word_1_90' title='bbox 517 1697 604 1765; x_wconf 89' lang='lat' dir='ltr'><strong>inter</strong></span> <span class='ocrx_word' id='word_1_91' title='bbox 625 1699 695 1785; x_wconf 70' lang='lat' dir='ltr'><strong>sal</strong></span> 
     </span>
     <span class='ocr_line' id='line_1_13' title="bbox 389 1805 1402 1894; baseline 0.002 -22"><span class='ocrx_word' id='word_1_92' title='bbox 389 1805 507 1892; x_wconf 82' lang='lat' dir='ltr'><strong>Media,</strong></span> <span class='ocrx_word' id='word_1_93' title='bbox 530 1825 612 1890; x_wconf 89' lang='lat' dir='ltr'><strong>quse</strong></span> <span class='ocrx_word' id='word_1_94' title='bbox 632 1807 720 1874; x_wconf 89' lang='lat' dir='ltr'><strong>inter</strong></span> <span class='ocrx_word' id='word_1_95' title='bbox 741 1807 820 1874; x_wconf 86' lang='lat' dir='ltr'><strong>duas</strong></span> <span class='ocrx_word' id='word_1_96' title='bbox 842 1806 932 1892; x_wconf 82' lang='lat' dir='ltr'><strong>quasi</strong></span> <span class='ocrx_word' id='word_1_97' title='bbox 955 1806 1048 1872; x_wconf 89' lang='lat' dir='ltr'><strong>limes</strong></span> <span class='ocrx_word' id='word_1_98' title='bbox 1072 1816 1132 1894; x_wconf 66' lang='lat' dir='ltr'><strong>est,</strong></span> <span class='ocrx_word' id='word_1_99' title='bbox 1162 1809 1250 1893; x_wconf 92' lang='lat' dir='ltr'><strong>quod</strong></span> <span class='ocrx_word' id='word_1_100' title='bbox 1271 1807 1402 1894; x_wconf 86' lang='lat' dir='ltr'><strong>grauio-</strong></span> 
     </span>
     <span class='ocr_line' id='line_1_14' title="bbox 304 1912 1400 2005; baseline 0.005 -24"><span class='ocrx_word' id='word_1_101' title='bbox 304 1915 349 1982; x_wconf 92' lang='lat' dir='ltr'><strong>ris</strong></span> <span class='ocrx_word' id='word_1_102' title='bbox 370 1937 467 2002; x_wconf 87' lang='lat' dir='ltr'><strong>quam</strong></span> <span class='ocrx_word' id='word_1_103' title='bbox 490 1916 640 1982; x_wconf 82' lang='lat' dir='ltr'><strong>acutioris</strong></span> <span class='ocrx_word' id='word_1_104' title='bbox 662 1917 802 1983; x_wconf 84' lang='lat' dir='ltr'><strong>similior</strong></span> <span class='ocrx_word' id='word_1_105' title='bbox 825 1925 883 2004; x_wconf 87' lang='lat' dir='ltr'><strong>est,</strong></span> <span class='ocrx_word' id='word_1_106' title='bbox 918 1916 953 1983; x_wconf 88' lang='lat' dir='ltr'><strong>in</strong></span> <span class='ocrx_word' id='word_1_107' title='bbox 982 1912 1145 1982; x_wconf 85' lang='lat' dir='ltr'><strong>inferioris</strong></span> <span class='ocrx_word' id='word_1_108' title='bbox 1172 1918 1280 2005; x_wconf 90' lang='lat' dir='ltr'><strong>potius</strong></span> <span class='ocrx_word' id='word_1_109' title='bbox 1306 1941 1400 2004; x_wconf 86' lang='lat' dir='ltr'><strong>quam</strong></span> 
     </span>
     <span class='ocr_line' id='line_1_15' title="bbox 305 2024 1401 2114; baseline 0.005 -25"><span class='ocrx_word' id='word_1_110' title='bbox 305 2024 482 2114; x_wconf 90' lang='lat' dir='ltr'><strong>superioris</strong></span> <span class='ocrx_word' id='word_1_111' title='bbox 503 2047 675 2091; x_wconf 89' lang='lat' dir='ltr'><strong>numerum</strong></span> <span class='ocrx_word' id='word_1_112' title='bbox 693 2025 872 2113; x_wconf 86' lang='lat' dir='ltr'><strong>relegatur.</strong></span> <span class='ocrx_word' id='word_1_113' title='bbox 908 2026 943 2092; x_wconf 92' lang='lat' dir='ltr'><strong>in</strong></span> <span class='ocrx_word' id='word_1_114' title='bbox 963 2026 1026 2092; x_wconf 91' lang='lat' dir='ltr'><strong>hoc</strong></span> <span class='ocrx_word' id='word_1_115' title='bbox 1050 2026 1135 2093; x_wconf 91' lang='lat' dir='ltr'><strong>enim</strong></span> <span class='ocrx_word' id='word_1_116' title='bbox 1158 2028 1229 2093; x_wconf 89' lang='lat' dir='ltr'><strong>fere</strong></span> <span class='ocrx_word' id='word_1_117' title='bbox 1253 2027 1401 2096; x_wconf 88' lang='lat' dir='ltr'><strong>doctissi-</strong></span> 
     </span>
     <span class='ocr_line' id='line_1_16' title="bbox 260 2136 1401 2224; baseline 0.005 -26"><span class='ocrx_word' id='word_1_118' title='bbox 260 2144 432 2202; x_wconf 78' lang='lat' dir='ltr'><strong>tomorum</strong></span> <span class='ocrx_word' id='word_1_119' title='bbox 455 2156 631 2202; x_wconf 89' lang='lat' dir='ltr'><strong>consensus</strong></span> <span class='ocrx_word' id='word_1_120' title='bbox 655 2144 713 2220; x_wconf 87' lang='lat' dir='ltr'><strong>est,</strong></span> <span class='ocrx_word' id='word_1_121' title='bbox 736 2145 865 2200; x_wconf 87' lang='lat' dir='ltr'><strong>acutam</strong></span> <span class='ocrx_word' id='word_1_122' title='bbox 889 2136 963 2224; x_wconf 89' lang='lat' dir='ltr'><strong>plus</strong></span> <span class='ocrx_word' id='word_1_123' title='bbox 985 2159 1050 2206; x_wconf 86' lang='lat' dir='ltr'><strong>uua</strong></span> <span class='ocrx_word' id='word_1_124' title='bbox 1071 2160 1137 2206; x_wconf 91' lang='lat' dir='ltr'><strong>uuo</strong></span> <span class='ocrx_word' id='word_1_125' title='bbox 1157 2136 1192 2206; x_wconf 90' lang='lat' dir='ltr'><strong>iu</strong></span> <span class='ocrx_word' id='word_1_126' title='bbox 1214 2141 1316 2206; x_wconf 90' lang='lat' dir='ltr'><strong>uerbo</strong></span> <span class='ocrx_word' id='word_1_127' title='bbox 1330 2160 1401 2205; x_wconf 89' lang='lat' dir='ltr'><strong>esse</strong></span> 
     </span>
     <span class='ocr_line' id='line_1_17' title="bbox 304 2244 1031 2332; baseline -0.007 -21"><span class='ocrx_word' id='word_1_128' title='bbox 304 2263 371 2311; x_wconf 88' lang='lat' dir='ltr'><strong>non</strong></span> <span class='ocrx_word' id='word_1_129' title='bbox 392 2263 499 2330; x_wconf 89' lang='lat' dir='ltr'><strong>posse,</strong></span> <span class='ocrx_word' id='word_1_130' title='bbox 522 2266 641 2330; x_wconf 84' lang='lat' dir='ltr'><strong>graues</strong></span> <span class='ocrx_word' id='word_1_131' title='bbox 663 2265 735 2310; x_wconf 86' lang='lat' dir='ltr'><strong>csse</strong></span> <span class='ocrx_word' id='word_1_132' title='bbox 757 2244 952 2332; x_wconf 85' lang='lat' dir='ltr'><strong>complures.</strong></span> <span class='ocrx_word' id='word_1_133' title='bbox 1026 2299 1031 2306; x_wconf 94' lang='lat'>.</span> 
     </span>
     <span class='ocr_line' id='line_1_18' title="bbox 388 2353 1402 2440; baseline 0.003 -21"><span class='ocrx_word' id='word_1_134' title='bbox 388 2353 582 2421; x_wconf 86' lang='lat' dir='ltr'><strong>Prosodiam</strong></span> <span class='ocrx_word' id='word_1_135' title='bbox 603 2354 649 2420; x_wconf 93' lang='lat' dir='ltr'><strong>ibi</strong></span> <span class='ocrx_word' id='word_1_136' title='bbox 672 2375 743 2420; x_wconf 89' lang='lat' dir='ltr'><strong>esse</strong></span> <span class='ocrx_word' id='word_1_137' title='bbox 767 2353 913 2440; x_wconf 85' lang='lat' dir='ltr'><strong>dicimus,</strong></span> <span class='ocrx_word' id='word_1_138' title='bbox 943 2353 999 2420; x_wconf 92' lang='lat' dir='ltr'><strong>ubi</strong></span> <span class='ocrx_word' id='word_1_139' title='bbox 1029 2364 1084 2420; x_wconf 91' lang='lat' dir='ltr'><strong>aut</strong></span> <span class='ocrx_word' id='word_1_140' title='bbox 1115 2378 1245 2422; x_wconf 89' lang='lat' dir='ltr'><strong>sursum</strong></span> <span class='ocrx_word' id='word_1_141' title='bbox 1276 2363 1325 2423; x_wconf 89' lang='lat' dir='ltr'><strong>est</strong></span> <span class='ocrx_word' id='word_1_142' title='bbox 1346 2363 1402 2422; x_wconf 89' lang='lat' dir='ltr'><strong>aut</strong></span> 
     </span>
     <span class='ocr_line' id='line_1_19' title="bbox 305 2463 1478 2555; baseline -0.001 -24"><span class='ocrx_word' id='word_1_143' title='bbox 305 2465 469 2532; x_wconf 90' lang='lat' dir='ltr'><strong>deorsum.</strong></span> <span class='ocrx_word' id='word_1_144' title='bbox 496 2486 579 2551; x_wconf 89' lang='lat' dir='ltr'><strong>quae</strong></span> <span class='ocrx_word' id='word_1_145' title='bbox 603 2463 775 2530; x_wconf 87' lang='lat' dir='ltr'><strong>demissior</strong></span> <span class='ocrx_word' id='word_1_146' title='bbox 797 2473 857 2549; x_wconf 85' lang='lat' dir='ltr'><strong>est,</strong></span> <span class='ocrx_word' id='word_1_147' title='bbox 880 2486 918 2530; x_wconf 86' lang='lat' dir='ltr'><strong>aa</strong></span> <span class='ocrx_word' id='word_1_148' title='bbox 941 2487 959 2530; x_wconf 89' lang='lat' dir='ltr'><strong>a</strong></span> <span class='ocrx_word' id='word_1_149' title='bbox 980 2464 1129 2551; x_wconf 89' lang='lat' dir='ltr'><strong>pluribus</strong></span> <span class='ocrx_word' id='word_1_150' title='bbox 1149 2466 1268 2544; x_wconf 81' lang='grc' dir='ltr'><em>βαρεῖα</em></span> <span class='ocrx_word' id='word_1_151' title='bbox 1290 2465 1401 2555; x_wconf 90' lang='lat' dir='ltr'><strong>appel·</strong></span> <span class='ocrx_word' id='word_1_152' title='bbox 1473 2494 1478 2506; x_wconf 79' lang='lat'><em>·</em></span> 
     </span>
    </p>
   </div>
   <div class='ocr_carea' id='block_1_3' title="bbox 258 2571 1402 2772">
    <p class='ocr_par' dir='ltr' id='par_1_3' title="bbox 258 2571 1402 2772">
     <span class='ocr_line' id='line_1_20' title="bbox 304 2571 1401 2662; baseline 0 -22"><span class='ocrx_word' id='word_1_153' title='bbox 304 2575 391 2640; x_wconf 88' lang='lat' dir='ltr'><strong>latur</strong></span> <span class='ocrx_word' id='word_1_154' title='bbox 412 2595 544 2661; x_wconf 82' lang='lat' dir='ltr'><strong>graece,</strong></span> <span class='ocrx_word' id='word_1_155' title='bbox 571 2571 670 2640; x_wconf 87' lang='lat' dir='ltr'><strong>latine</strong></span> <span class='ocrx_word' id='word_1_156' title='bbox 701 2594 780 2642; x_wconf 90' lang='lat' dir='ltr'><strong>uero</strong></span> <span class='ocrx_word' id='word_1_157' title='bbox 808 2572 919 2660; x_wconf 86' lang='lat' dir='ltr'><strong>grauis</strong></span> <span class='ocrx_word' id='word_1_158' title='bbox 950 2574 1025 2642; x_wconf 90' lang='lat' dir='ltr'><strong>idco</strong></span> <span class='ocrx_word' id='word_1_159' title='bbox 1049 2574 1136 2662; x_wconf 89' lang='lat' dir='ltr'><strong>quod</strong></span> <span class='ocrx_word' id='word_1_160' title='bbox 1167 2575 1320 2641; x_wconf 91' lang='lat' dir='ltr'><strong>deorsum</strong></span> <span class='ocrx_word' id='word_1_161' title='bbox 1341 2581 1401 2658; x_wconf 86' lang='lat' dir='ltr'><strong>cst,</strong></span> 
     </span>
     <span class='ocr_line' id='line_1_21' title="bbox 258 2681 1402 2772; baseline 0.003 -28"><span class='ocrx_word' id='word_1_162' title='bbox 258 2681 437 2766; x_wconf 72' lang='lat' dir='ltr'><strong>reinsede</strong></span> <span class='ocrx_word' id='word_1_163' title='bbox 460 2682 583 2748; x_wconf 89' lang='lat' dir='ltr'><strong>scilicet</strong></span> <span class='ocrx_word' id='word_1_164' title='bbox 604 2681 786 2772; x_wconf 88' lang='lat' dir='ltr'><strong>ponderum</strong></span> <span class='ocrx_word' id='word_1_165' title='bbox 810 2683 1008 2770; x_wconf 85' lang='lat' dir='ltr'><strong>grauiorum.</strong></span> <span class='ocrx_word' id='word_1_166' title='bbox 1061 2693 1094 2749; x_wconf 89' lang='lat' dir='ltr'><strong>at</strong></span> <span class='ocrx_word' id='word_1_167' title='bbox 1121 2705 1193 2749; x_wconf 88' lang='lat' dir='ltr'><strong>eam</strong></span> <span class='ocrx_word' id='word_1_168' title='bbox 1222 2706 1304 2772; x_wconf 92' lang='lat' dir='ltr'><strong>quae</strong></span> <span class='ocrx_word' id='word_1_169' title='bbox 1333 2706 1402 2750; x_wconf 89' lang='lat' dir='ltr'><strong>sur-</strong></span> 
     </span>
    </p>
   </div>
   <div class='ocr_carea' id='block_1_4' title="bbox 303 2883 1405 3528">
    <p class='ocr_par' dir='ltr' id='par_1_4' title="bbox 303 2883 1405 3528">
     <span class='ocr_line' id='line_1_22' title="bbox 306 2883 1402 2958; baseline -0.004 -16"><span class='ocrx_word' id='word_1_170' title='bbox 306 2891 356 2942; x_wconf 91' lang='lat' dir='ltr'><strong>est.</strong></span> <span class='ocrx_word' id='word_1_171' title='bbox 375 2892 548 2958; x_wconf 88' lang='lat' dir='ltr'><strong>quapropter</strong></span> <span class='ocrx_word' id='word_1_172' title='bbox 569 2887 622 2942; x_wconf 88' lang='lat' dir='ltr'><strong>etsi</strong></span> <span class='ocrx_word' id='word_1_173' title='bbox 635 2888 759 2943; x_wconf 88' lang='lat' dir='ltr'><strong>metricis</strong></span> <span class='ocrx_word' id='word_1_174' title='bbox 770 2889 882 2943; x_wconf 88' lang='lat' dir='ltr'><strong>uidetur</strong></span> <span class='ocrx_word' id='word_1_175' title='bbox 899 2888 1066 2957; x_wconf 84' lang='lat' dir='ltr'><strong>syllabarum</strong></span> <span class='ocrx_word' id='word_1_176' title='bbox 1078 2891 1206 2942; x_wconf 89' lang='lat' dir='ltr'><strong>naturam</strong></span> <span class='ocrx_word' id='word_1_177' title='bbox 1225 2905 1242 2938; x_wconf 72' lang='lat' dir='ltr'><strong>s</strong></span> <span class='ocrx_word' id='word_1_178' title='bbox 1262 2883 1402 2954; x_wconf 90' lang='lat' dir='ltr'><strong>adrhyth·</strong></span> 
     </span>
     <span class='ocr_line' id='line_1_23' title="bbox 304 2956 1403 3030; baseline -0.005 -16"><span class='ocrx_word' id='word_1_179' title='bbox 304 2960 391 3015; x_wconf 88' lang='lat' dir='ltr'><strong>mices</strong></span> <span class='ocrx_word' id='word_1_180' title='bbox 410 2961 484 3013; x_wconf 92' lang='lat' dir='ltr'><strong>solos</strong></span> <span class='ocrx_word' id='word_1_181' title='bbox 503 2959 644 3029; x_wconf 88' lang='lat' dir='ltr'><strong>pertinere</strong></span> <span class='ocrx_word' id='word_1_182' title='bbox 663 2964 818 3030; x_wconf 90' lang='lat' dir='ltr'><strong>temporum</strong></span> <span class='ocrx_word' id='word_1_183' title='bbox 840 2960 1021 3014; x_wconf 86' lang='lat' dir='ltr'><strong>denumerare</strong></span> <span class='ocrx_word' id='word_1_184' title='bbox 1039 2959 1196 3025; x_wconf 86' lang='lat' dir='ltr'><strong>interualla,</strong></span> <span class='ocrx_word' id='word_1_185' title='bbox 1214 2961 1317 3021; x_wconf 87' lang='lat' dir='ltr'><strong>tamen,</strong></span> <span class='ocrx_word' id='word_1_186' title='bbox 1336 2956 1403 3025; x_wconf 88' lang='lat' dir='ltr'><strong>quia</strong></span> 
     </span>
     <span class='ocr_line' id='line_1_24' title="bbox 304 3027 1403 3102; baseline -0.004 -17"><span class='ocrx_word' id='word_1_187' title='bbox 304 3029 402 3086; x_wconf 86' lang='lat' dir='ltr'><strong>titulus</strong></span> <span class='ocrx_word' id='word_1_188' title='bbox 427 3029 565 3100; x_wconf 87' lang='lat' dir='ltr'><strong>propositi</strong></span> <span class='ocrx_word' id='word_1_189' title='bbox 584 3034 731 3100; x_wconf 88' lang='lat' dir='ltr'><strong>utramque</strong></span> <span class='ocrx_word' id='word_1_190' title='bbox 757 3031 865 3102; x_wconf 82' lang='lat' dir='ltr'><strong>flagitat</strong></span> <span class='ocrx_word' id='word_1_191' title='bbox 889 3031 1086 3101; x_wconf 80' lang='lat' dir='ltr'><strong>cognitionem,</strong></span> <span class='ocrx_word' id='word_1_192' title='bbox 1113 3047 1148 3084; x_wconf 90' lang='lat' dir='ltr'><strong>ne</strong></span> <span class='ocrx_word' id='word_1_193' title='bbox 1174 3028 1241 3097; x_wconf 88' lang='lat' dir='ltr'><strong>quid</strong></span> <span class='ocrx_word' id='word_1_194' title='bbox 1265 3027 1341 3097; x_wconf 91' lang='lat' dir='ltr'><strong>quod</strong></span> <span class='ocrx_word' id='word_1_195' title='bbox 1366 3027 1403 3081; x_wconf 88' lang='lat' dir='ltr'><strong>ad</strong></span> 
     </span>
     <span class='ocr_line' id='line_1_25' title="bbox 305 3097 1402 3173; baseline -0.004 -17"><span class='ocrx_word' id='word_1_196' title='bbox 305 3101 453 3156; x_wconf 89' lang='lat' dir='ltr'><strong>discendos</strong></span> <span class='ocrx_word' id='word_1_197' title='bbox 472 3105 602 3156; x_wconf 85' lang='lat' dir='ltr'><strong>accentus</strong></span> <span class='ocrx_word' id='word_1_198' title='bbox 627 3103 752 3173; x_wconf 85' lang='lat' dir='ltr'><strong>pertinet</strong></span> <span class='ocrx_word' id='word_1_199' title='bbox 778 3103 875 3157; x_wconf 88' lang='lat' dir='ltr'><strong>deesse</strong></span> <span class='ocrx_word' id='word_1_200' title='bbox 898 3103 1035 3169; x_wconf 83' lang='lat' dir='ltr'><strong>uideatur,</strong></span> <span class='ocrx_word' id='word_1_201' title='bbox 1062 3103 1097 3156; x_wconf 90' lang='lat' dir='ltr'><strong>de</strong></span> <span class='ocrx_word' id='word_1_202' title='bbox 1120 3101 1201 3155; x_wconf 90' lang='lat' dir='ltr'><strong>uerbi</strong></span> <span class='ocrx_word' id='word_1_203' title='bbox 1226 3097 1402 3169; x_wconf 80' lang='lat' dir='ltr'><strong>longitudine</strong></span> 
     </span>
     <span class='ocr_line' id='line_1_26' title="bbox 305 3171 1402 3244; baseline -0.005 -16"><span class='ocrx_word' id='word_1_204' title='bbox 305 3173 452 3229; x_wconf 89' lang='lat' dir='ltr'><strong>dicendum</strong></span> <span class='ocrx_word' id='word_1_205' title='bbox 471 3177 522 3240; x_wconf 87' lang='lat' dir='ltr'><strong>est,</strong></span> <span class='ocrx_word' id='word_1_206' title='bbox 544 3190 577 3226; x_wconf 87' lang='lat' dir='ltr'><strong>ea</strong></span> <span class='ocrx_word' id='word_1_207' title='bbox 595 3173 654 3227; x_wconf 90' lang='lat' dir='ltr'><strong>sola</strong></span> <span class='ocrx_word' id='word_1_208' title='bbox 670 3174 856 3244; x_wconf 81' lang='lat' dir='ltr'><strong>adtingentes‚</strong></span> <span class='ocrx_word' id='word_1_209' title='bbox 876 3191 945 3242; x_wconf 87' lang='lat' dir='ltr'><strong>quae</strong></span> <span class='ocrx_word' id='word_1_210' title='bbox 963 3173 1042 3242; x_wconf 90' lang='lat' dir='ltr'><strong>operi</strong></span> <span class='ocrx_word' id='word_1_211' title='bbox 1053 3173 1211 3227; x_wconf 89' lang='lat' dir='ltr'><strong>necessaria</strong></span> <span class='ocrx_word' id='word_1_212' title='bbox 1222 3171 1402 3225; x_wconf 86' lang='lat' dir='ltr'><strong>uidebuntur.</strong></span> 
     </span>
     <span class='ocr_line' id='line_1_27' title="bbox 304 3242 1403 3314; baseline -0.005 -16"><span class='ocrx_word' id='word_1_213' title='bbox 304 3243 496 3313; x_wconf 76' lang='lat' dir='ltr'><strong>longitudo</strong></span> <span class='ocrx_word' id='word_1_214' title='bbox 514 3245 703 3299; x_wconf 91' lang='lat' dir='ltr'><strong>uerborum</strong></span> <span class='ocrx_word' id='word_1_215' title='bbox 723 3285 730 3301; x_wconf 86' lang='lat'><strong>.</strong></span> <span class='ocrx_word' id='word_1_216' title='bbox 750 3285 756 3299; x_wconf 93' lang='lat'>.</span> <span class='ocrx_word' id='word_1_217' title='bbox 778 3286 785 3299; x_wconf 90' lang='lat'><strong>.</strong></span> <span class='ocrx_word' id='word_1_218' title='bbox 805 3245 958 3314; x_wconf 86' lang='lat' dir='ltr'><strong>syllabis</strong></span> <span class='ocrx_word' id='word_1_219' title='bbox 976 3245 1121 3299; x_wconf 84' lang='lat' dir='ltr'><strong>finiunt.</strong></span> <span class='ocrx_word' id='word_1_220' title='bbox 1157 3260 1248 3311; x_wconf 88' lang='lat' dir='ltr'><strong>neque</strong></span> <span class='ocrx_word' id='word_1_221' title='bbox 1267 3242 1341 3296; x_wconf 88' lang='lat' dir='ltr'><strong>enim</strong></span> <span class='ocrx_word' id='word_1_222' title='bbox 1359 3257 1403 3294; x_wconf 90' lang='lat' dir='ltr'><strong>re·</strong></span> 
     </span>
     <span class='ocr_line' id='line_1_28' title="bbox 304 3312 1403 3386; baseline -0.005 -16"><span class='ocrx_word' id='word_1_223' title='bbox 304 3315 367 3380; x_wconf 84' lang='lat' dir='ltr'><strong>fert,</strong></span> <span class='ocrx_word' id='word_1_224' title='bbox 385 3318 496 3384; x_wconf 88' lang='lat' dir='ltr'><strong>tempus</strong></span> <span class='ocrx_word' id='word_1_225' title='bbox 515 3315 545 3368; x_wconf 92' lang='lat' dir='ltr'><strong>in</strong></span> <span class='ocrx_word' id='word_1_226' title='bbox 564 3315 669 3384; x_wconf 88' lang='lat' dir='ltr'><strong>syllaba</strong></span> <span class='ocrx_word' id='word_1_227' title='bbox 685 3333 744 3370; x_wconf 87' lang='lat' dir='ltr'><strong>esse</strong></span> <span class='ocrx_word' id='word_1_228' title='bbox 764 3333 799 3370; x_wconf 90' lang='lat' dir='ltr'><strong>an</strong></span> <span class='ocrx_word' id='word_1_229' title='bbox 820 3315 993 3385; x_wconf 89' lang='lat' dir='ltr'><strong>intempore</strong></span> <span class='ocrx_word' id='word_1_230' title='bbox 1013 3314 1147 3386; x_wconf 87' lang='lat' dir='ltr'><strong>syllabam</strong></span> <span class='ocrx_word' id='word_1_231' title='bbox 1165 3315 1297 3381; x_wconf 87' lang='lat' dir='ltr'><strong>dicamus,</strong></span> <span class='ocrx_word' id='word_1_232' title='bbox 1322 3312 1403 3367; x_wconf 92' lang='lat' dir='ltr'><strong>dum·</strong></span> 
     </span>
     <span class='ocr_line' id='line_1_29' title="bbox 303 3385 1405 3458; baseline -0.005 -16"><span class='ocrx_word' id='word_1_233' title='bbox 303 3386 387 3442; x_wconf 87' lang='lat' dir='ltr'><strong>modo</strong></span> <span class='ocrx_word' id='word_1_234' title='bbox 405 3386 530 3442; x_wconf 87' lang='lat' dir='ltr'><strong>discendi</strong></span> <span class='ocrx_word' id='word_1_235' title='bbox 549 3403 632 3442; x_wconf 85' lang='lat' dir='ltr'><strong>cause</strong></span> <span class='ocrx_word' id='word_1_236' title='bbox 654 3405 817 3443; x_wconf 85' lang='lat' dir='ltr'><strong>concessum</strong></span> <span class='ocrx_word' id='word_1_237' title='bbox 845 3391 888 3441; x_wconf 91' lang='lat' dir='ltr'><strong>est</strong></span> <span class='ocrx_word' id='word_1_238' title='bbox 914 3405 975 3442; x_wconf 87' lang='lat' dir='ltr'><strong>cam</strong></span> <span class='ocrx_word' id='word_1_239' title='bbox 991 3404 1097 3442; x_wconf 87' lang='lat' dir='ltr'><strong>moram</strong></span> <span class='ocrx_word' id='word_1_240' title='bbox 1116 3403 1170 3458; x_wconf 85' lang='lat' dir='ltr'><strong>qua</strong></span> <span class='ocrx_word' id='word_1_241' title='bbox 1186 3385 1279 3440; x_wconf 87' lang='lat' dir='ltr'><strong>breuis</strong></span> <span class='ocrx_word' id='word_1_242' title='bbox 1296 3385 1405 3454; x_wconf 84' lang='lat' dir='ltr'><strong>syllaba</strong></span> 
     </span>
     <span class='ocr_line' id='line_1_30' title="bbox 305 3456 1401 3528; baseline -0.003 -16"><span class='ocrx_word' id='word_1_243' title='bbox 305 3458 416 3526; x_wconf 87' lang='lat' dir='ltr'><strong>dicitur,</strong></span> <span class='ocrx_word' id='word_1_244' title='bbox 435 3474 520 3512; x_wconf 89' lang='lat' dir='ltr'><strong>unum</strong></span> <span class='ocrx_word' id='word_1_245' title='bbox 539 3462 568 3512; x_wconf 89' lang='lat' dir='ltr'><strong>et</strong></span> <span class='ocrx_word' id='word_1_246' title='bbox 586 3459 781 3514; x_wconf 88' lang='lat' dir='ltr'><strong>breuissimum</strong></span> <span class='ocrx_word' id='word_1_247' title='bbox 798 3463 908 3528; x_wconf 89' lang='lat' dir='ltr'><strong>tempus</strong></span> <span class='ocrx_word' id='word_1_248' title='bbox 927 3475 1037 3526; x_wconf 86' lang='lat' dir='ltr'><strong>uocare,</strong></span> <span class='ocrx_word' id='word_1_249' title='bbox 1068 3475 1123 3528; x_wconf 88' lang='lat' dir='ltr'><strong>qua</strong></span> <span class='ocrx_word' id='word_1_250' title='bbox 1147 3474 1215 3511; x_wconf 91' lang='lat' dir='ltr'><strong>uero</strong></span> <span class='ocrx_word' id='word_1_251' title='bbox 1233 3456 1317 3526; x_wconf 83' lang='lat' dir='ltr'><strong>longa</strong></span> <span class='ocrx_word' id='word_1_252' title='bbox 1335 3473 1401 3526; x_wconf 89' lang='lat' dir='ltr'><strong>prc-</strong></span> 
     </span>
    </p>
   </div>
   <div class='ocr_carea' id='block_1_5' title="bbox 295 3625 1405 4386">
    <p class='ocr_par' dir='ltr' id='par_1_5' title="bbox 295 3625 1405 4386">
     <span class='ocr_line' id='line_1_31' title="bbox 321 3625 1404 3714; baseline 0 -22"><span class='ocrx_word' id='word_1_253' title='bbox 321 3693 322 3701; x_wconf 62' lang='grc'>,</span> <span class='ocrx_word' id='word_1_254' title='bbox 386 3637 403 3692; x_wconf 82' lang='grc'><strong>2</strong></span> <span class='ocrx_word' id='word_1_255' title='bbox 425 3635 538 3694; x_wconf 87' lang='lat' dir='ltr'><strong>uariam</strong></span> <span class='ocrx_word' id='word_1_256' title='bbox 555 3638 741 3695; x_wconf 85' lang='lat' dir='ltr'><strong>mesenoxian</strong></span> <span class='ocrx_word' id='word_1_257' title='bbox 753 3638 783 3696; x_wconf 99' lang='lat' dir='ltr'><em>L</em></span> <span class='ocrx_word' id='word_1_258' title='bbox 796 3630 810 3714; x_wconf 80' lang='grc' dir='ltr'><strong>ΙΙ</strong></span> <span class='ocrx_word' id='word_1_259' title='bbox 827 3638 844 3694; x_wconf 82' lang='lat'>5</span> <span class='ocrx_word' id='word_1_260' title='bbox 868 3640 934 3695; x_wconf 85' lang='lat' dir='ltr'><strong>crat</strong></span> <span class='ocrx_word' id='word_1_261' title='bbox 955 3640 1069 3694; x_wconf 86' lang='lat' dir='ltr'><strong>ostenes</strong></span> <span class='ocrx_word' id='word_1_262' title='bbox 1093 3635 1122 3694; x_wconf 90' lang='lat' dir='ltr'><em>L</em></span> <span class='ocrx_word' id='word_1_263' title='bbox 1134 3625 1150 3712; x_wconf 78' lang='grc' dir='ltr'><strong>ΙΙ</strong></span> <span class='ocrx_word' id='word_1_264' title='bbox 1166 3636 1183 3692; x_wconf 88' lang='grc'><strong>6</strong></span> <span class='ocrx_word' id='word_1_265' title='bbox 1206 3633 1404 3711; x_wconf 81' lang='lat' dir='ltr'><strong>posteriorem</strong></span> 
     </span>
     <span class='ocr_line' id='line_1_32' title="bbox 303 3715 1404 3799; baseline -0.004 -19"><span class='ocrx_word' id='word_1_266' title='bbox 303 3738 358 3780; x_wconf 85' lang='lat' dir='ltr'><strong>om.</strong></span> <span class='ocrx_word' id='word_1_267' title='bbox 378 3719 444 3790; x_wconf 79' lang='lat' dir='ltr'><strong>Wll</strong></span> <span class='ocrx_word' id='word_1_268' title='bbox 457 3723 555 3778; x_wconf 88' lang='lat' dir='ltr'><strong>autem</strong></span> <span class='ocrx_word' id='word_1_269' title='bbox 576 3739 630 3780; x_wconf 81' lang='lat' dir='ltr'><strong>om.</strong></span> <span class='ocrx_word' id='word_1_270' title='bbox 652 3722 750 3792; x_wconf 75' lang='lat' dir='ltr'><strong>Wlll</strong></span> <span class='ocrx_word' id='word_1_271' title='bbox 772 3721 929 3780; x_wconf 87' lang='lat' dir='ltr'><strong>extendere</strong></span> <span class='ocrx_word' id='word_1_272' title='bbox 957 3722 999 3780; x_wconf 93' lang='lat' dir='ltr'><em>W</em></span> <span class='ocrx_word' id='word_1_273' title='bbox 1014 3715 1029 3799; x_wconf 90' lang='grc' dir='ltr'><strong>ΙΙ</strong></span> <span class='ocrx_word' id='word_1_274' title='bbox 1054 3721 1085 3778; x_wconf 89' lang='lat' dir='ltr'><strong>in</strong></span> <span class='ocrx_word' id='word_1_275' title='bbox 1108 3721 1404 3796; x_wconf 84' lang='lat' dir='ltr'><strong>utramquepartem</strong></span> 
     </span>
     <span class='ocr_line' id='line_1_33' title="bbox 310 3796 1403 3882; baseline -0.005 -18"><span class='ocrx_word' id='word_1_276' title='bbox 310 3803 386 3864; x_wconf 77' lang='lat' dir='ltr'><strong>Weil</strong></span> <span class='ocrx_word' id='word_1_277' title='bbox 405 3808 432 3864; x_wconf 82' lang='lat' dir='ltr'><strong>et</strong></span> <span class='ocrx_word' id='word_1_278' title='bbox 453 3801 590 3862; x_wconf 81' lang='lat' dir='ltr'><strong>Benloew</strong></span> <span class='ocrx_word' id='word_1_279' title='bbox 611 3805 630 3864; x_wconf 81' lang='lat' dir='ltr'><strong>l.</strong></span> <span class='ocrx_word' id='word_1_280' title='bbox 653 3823 677 3864; x_wconf 78' lang='lat' dir='ltr'><strong>e.</strong></span> <span class='ocrx_word' id='word_1_281' title='bbox 696 3824 730 3878; x_wconf 77' lang='lat' dir='ltr'><strong>p.</strong></span> <span class='ocrx_word' id='word_1_282' title='bbox 742 3811 780 3866; x_wconf 78' lang='lat'><strong>14</strong></span> <span class='ocrx_word' id='word_1_283' title='bbox 799 3807 830 3862; x_wconf 90' lang='lat' dir='ltr'><strong>in</strong></span> <span class='ocrx_word' id='word_1_284' title='bbox 850 3808 977 3881; x_wconf 87' lang='lat' dir='ltr'><strong>utraque</strong></span> <span class='ocrx_word' id='word_1_285' title='bbox 997 3808 1083 3882; x_wconf 88' lang='lat' dir='ltr'><strong>parte</strong></span> <span class='ocrx_word' id='word_1_286' title='bbox 1105 3803 1240 3874; x_wconf 77' lang='lat' dir='ltr'><strong>LWllss</strong></span> <span class='ocrx_word' id='word_1_287' title='bbox 1262 3796 1330 3874; x_wconf 90' lang='lat' dir='ltr'><strong>hoo]</strong></span> <span class='ocrx_word' id='word_1_288' title='bbox 1351 3798 1403 3858; x_wconf 88' lang='lat' dir='ltr'><strong>hic</strong></span> 
     </span>
     <span class='ocr_line' id='line_1_34' title="bbox 303 3878 1405 3967; baseline -0.003 -20"><span class='ocrx_word' id='word_1_289' title='bbox 303 3887 438 3960; x_wconf 74' lang='lat' dir='ltr'><strong>Lthe</strong></span> <span class='ocrx_word' id='word_1_290' title='bbox 461 3890 577 3946; x_wconf 87' lang='lat' dir='ltr'><strong>acutam</strong></span> <span class='ocrx_word' id='word_1_291' title='bbox 599 3887 772 3967; x_wconf 88' lang='lat' dir='ltr'><strong>plerumque</strong></span> <span class='ocrx_word' id='word_1_292' title='bbox 795 3908 857 3947; x_wconf 88' lang='lat' dir='ltr'><strong>essa</strong></span> <span class='ocrx_word' id='word_1_293' title='bbox 878 3890 980 3966; x_wconf 88' lang='lat' dir='ltr'><strong>putius</strong></span> <span class='ocrx_word' id='word_1_294' title='bbox 1004 3908 1091 3967; x_wconf 91' lang='lat' dir='ltr'><strong>quam</strong></span> <span class='ocrx_word' id='word_1_295' title='bbox 1113 3886 1234 3963; x_wconf 82' lang='lat' dir='ltr'><strong>grabam</strong></span> <span class='ocrx_word' id='word_1_296' title='bbox 1256 3878 1347 3958; x_wconf 80' lang='lat' dir='ltr'><strong>(corr.</strong></span> <span class='ocrx_word' id='word_1_297' title='bbox 1369 3888 1405 3945; x_wconf 66' lang='grc' dir='ltr'><strong>ἐπ</strong></span> 
     </span>
     <span class='ocr_line' id='line_1_35' title="bbox 301 3967 1404 4050; baseline 0.001 -21"><span class='ocrx_word' id='word_1_298' title='bbox 301 3967 436 4050; x_wconf 53' lang='lat' dir='ltr'><strong>manem)</strong></span> <span class='ocrx_word' id='word_1_299' title='bbox 462 3972 492 4031; x_wconf 96' lang='lat' dir='ltr'><em>L</em></span> <span class='ocrx_word' id='word_1_300' title='bbox 514 3975 630 4030; x_wconf 88' lang='lat' dir='ltr'><strong>acutam</strong></span> <span class='ocrx_word' id='word_1_301' title='bbox 648 3972 821 4050; x_wconf 88' lang='lat' dir='ltr'><strong>plerumque</strong></span> <span class='ocrx_word' id='word_1_302' title='bbox 842 3991 905 4032; x_wconf 88' lang='lat' dir='ltr'><strong>esse</strong></span> <span class='ocrx_word' id='word_1_303' title='bbox 925 3974 1025 4049; x_wconf 87' lang='lat' dir='ltr'><strong>potius</strong></span> <span class='ocrx_word' id='word_1_304' title='bbox 1048 3991 1136 4050; x_wconf 89' lang='lat' dir='ltr'><strong>quam</strong></span> <span class='ocrx_word' id='word_1_305' title='bbox 1158 3990 1280 4047; x_wconf 80' lang='lat' dir='ltr'><strong>grauem</strong></span> <span class='ocrx_word' id='word_1_306' title='bbox 1303 3970 1347 4030; x_wconf 91' lang='lat' dir='ltr'><em>W</em></span> <span class='ocrx_word' id='word_1_307' title='bbox 1362 3968 1404 4041; x_wconf 68' lang='lat' dir='ltr'><strong>of.</strong></span> 
     </span>
     <span class='ocr_line' id='line_1_36' title="bbox 301 4049 1400 4134; baseline -0.005 -18"><span class='ocrx_word' id='word_1_308' title='bbox 301 4073 396 4130; x_wconf 74' lang='lat' dir='ltr'><strong>supra</strong></span> <span class='ocrx_word' id='word_1_309' title='bbox 413 4075 445 4130; x_wconf 79' lang='lat' dir='ltr'><strong>p.</strong></span> <span class='ocrx_word' id='word_1_310' title='bbox 460 4057 499 4116; x_wconf 86' lang='lat'><strong>55</strong></span> <span class='ocrx_word' id='word_1_311' title='bbox 523 4055 691 4114; x_wconf 85' lang='lat' dir='ltr'><strong>adiunctam</strong></span> <span class='ocrx_word' id='word_1_312' title='bbox 712 4049 958 4134; x_wconf 71' lang='lat' dir='ltr'><strong>caramerum</strong></span> <span class='ocrx_word' id='word_1_313' title='bbox 979 4056 1118 4134; x_wconf 88' lang='lat' dir='ltr'><strong>probrius</strong></span> <span class='ocrx_word' id='word_1_314' title='bbox 1138 4059 1266 4132; x_wconf 88' lang='lat' dir='ltr'><strong>utraque</strong></span> <span class='ocrx_word' id='word_1_315' title='bbox 1287 4054 1317 4113; x_wconf 94' lang='lat' dir='ltr'><em>L</em></span> <span class='ocrx_word' id='word_1_316' title='bbox 1330 4055 1346 4126; x_wconf 73' lang='lat' dir='ltr'><strong>ll</strong></span> <span class='ocrx_word' id='word_1_317' title='bbox 1362 4058 1400 4112; x_wconf 87' lang='lat'><strong>11</strong></span> 
     </span>
     <span class='ocr_line' id='line_1_37' title="bbox 301 4131 1402 4222; baseline 0.002 -26"><span class='ocrx_word' id='word_1_318' title='bbox 301 4136 378 4198; x_wconf 87' lang='lat' dir='ltr'><strong>inter</strong></span> <span class='ocrx_word' id='word_1_319' title='bbox 399 4136 444 4214; x_wconf 84' lang='lat' dir='ltr'><strong>se]</strong></span> <span class='ocrx_word' id='word_1_320' title='bbox 466 4141 613 4214; x_wconf 77' lang='lat' dir='ltr'><strong>bucusque</strong></span> <span class='ocrx_word' id='word_1_321' title='bbox 626 4140 668 4200; x_wconf 91' lang='lat' dir='ltr'><em>W</em></span> <span class='ocrx_word' id='word_1_322' title='bbox 683 4134 698 4220; x_wconf 80' lang='grc' dir='ltr'><strong>ΙΙ</strong></span> <span class='ocrx_word' id='word_1_323' title='bbox 714 4143 751 4200; x_wconf 82' lang='grc'><strong>13</strong></span> <span class='ocrx_word' id='word_1_324' title='bbox 773 4140 896 4198; x_wconf 90' lang='lat' dir='ltr'><strong>similior</strong></span> <span class='ocrx_word' id='word_1_325' title='bbox 907 4131 965 4222; x_wconf 84' lang='lat' dir='ltr'><strong>est]</strong></span> <span class='ocrx_word' id='word_1_326' title='bbox 986 4141 1144 4218; x_wconf 84' lang='lat' dir='ltr'><strong>similiores</strong></span> <span class='ocrx_word' id='word_1_327' title='bbox 1153 4140 1183 4199; x_wconf 89' lang='lat' dir='ltr'><em>L</em></span> <span class='ocrx_word' id='word_1_328' title='bbox 1196 4143 1211 4210; x_wconf 79' lang='grc' dir='ltr'>Η</span> <span class='ocrx_word' id='word_1_329' title='bbox 1225 4139 1328 4216; x_wconf 87' lang='lat' dir='ltr'><strong>putius</strong></span> <span class='ocrx_word' id='word_1_330' title='bbox 1342 4131 1402 4213; x_wconf 75' lang='lat' dir='ltr'><strong>Lll</strong></span> 
     </span>
     <span class='ocr_line' id='line_1_38' title="bbox 304 4217 1404 4303; baseline 0 -23"><span class='ocrx_word' id='word_1_331' title='bbox 304 4226 342 4280; x_wconf 85' lang='grc'><strong>14</strong></span> <span class='ocrx_word' id='word_1_332' title='bbox 365 4225 547 4302; x_wconf 89' lang='lat' dir='ltr'><strong>superiorum</strong></span> <span class='ocrx_word' id='word_1_333' title='bbox 562 4217 577 4301; x_wconf 83' lang='grc' dir='ltr'><strong>ΙΙ</strong></span> <span class='ocrx_word' id='word_1_334' title='bbox 594 4224 631 4282; x_wconf 82' lang='grc'><strong>15</strong></span> <span class='ocrx_word' id='word_1_335' title='bbox 643 4244 702 4282; x_wconf 89' lang='lat' dir='ltr'><strong>uno</strong></span> <span class='ocrx_word' id='word_1_336' title='bbox 713 4243 766 4284; x_wconf 86' lang='lat' dir='ltr'><strong>om.</strong></span> <span class='ocrx_word' id='word_1_337' title='bbox 778 4225 809 4285; x_wconf 94' lang='lat' dir='ltr'><em>L</em></span> <span class='ocrx_word' id='word_1_338' title='bbox 822 4219 837 4303; x_wconf 85' lang='grc' dir='ltr'><strong>ΙΙ</strong></span> <span class='ocrx_word' id='word_1_339' title='bbox 853 4226 890 4282; x_wconf 84' lang='grc'><strong>17</strong></span> <span class='ocrx_word' id='word_1_340' title='bbox 902 4225 1078 4303; x_wconf 89' lang='lat' dir='ltr'><strong>prosodiant</strong></span> <span class='ocrx_word' id='word_1_341' title='bbox 1091 4225 1121 4284; x_wconf 97' lang='lat' dir='ltr'><em>L</em></span> <span class='ocrx_word' id='word_1_342' title='bbox 1134 4226 1149 4294; x_wconf 85' lang='grc' dir='ltr'><strong>ΙΙ</strong></span> <span class='ocrx_word' id='word_1_343' title='bbox 1166 4225 1204 4282; x_wconf 88' lang='grc'><strong>18</strong></span> <span class='ocrx_word' id='word_1_344' title='bbox 1222 4242 1298 4301; x_wconf 89' lang='lat' dir='ltr'><strong>quae</strong></span> <span class='ocrx_word' id='word_1_345' title='bbox 1311 4221 1404 4281; x_wconf 88' lang='lat' dir='ltr'><strong>demi·</strong></span> 
     </span>
     <span class='ocr_line' id='line_1_39' title="bbox 295 4301 1402 4386; baseline 0.001 -19"><span class='ocrx_word' id='word_1_346' title='bbox 295 4308 362 4367; x_wconf 79' lang='lat' dir='ltr'><strong>‘sior</strong></span> <span class='ocrx_word' id='word_1_347' title='bbox 382 4312 427 4366; x_wconf 89' lang='lat' dir='ltr'><strong>ast</strong></span> <span class='ocrx_word' id='word_1_348' title='bbox 448 4327 523 4386; x_wconf 85' lang='lat' dir='ltr'><strong>quse</strong></span> <span class='ocrx_word' id='word_1_349' title='bbox 540 4328 557 4366; x_wconf 89' lang='lat' dir='ltr'><strong>a</strong></span> <span class='ocrx_word' id='word_1_350' title='bbox 571 4309 601 4368; x_wconf 93' lang='lat' dir='ltr'><em>L</em></span> <span class='ocrx_word' id='word_1_351' title='bbox 615 4311 630 4381; x_wconf 74' lang='grc' dir='ltr'><strong>ΙΙ</strong></span> <span class='ocrx_word' id='word_1_352' title='bbox 643 4305 774 4384; x_wconf 73' lang='grc' dir='ltr'><strong><em>βαρεῖα]</em></strong></span> <span class='ocrx_word' id='word_1_353' title='bbox 795 4311 879 4368; x_wconf 88' lang='lat' dir='ltr'><strong>uaria</strong></span> <span class='ocrx_word' id='word_1_354' title='bbox 889 4312 919 4371; x_wconf 92' lang='lat' dir='ltr'><em>L</em></span> <span class='ocrx_word' id='word_1_355' title='bbox 932 4313 948 4382; x_wconf 90' lang='grc' dir='ltr'><strong>ΙΙ</strong></span> <span class='ocrx_word' id='word_1_356' title='bbox 963 4312 1002 4368; x_wconf 80' lang='lat'><strong>20</strong></span> <span class='ocrx_word' id='word_1_357' title='bbox 1024 4329 1145 4386; x_wconf 89' lang='lat' dir='ltr'><strong>eamque</strong></span> <span class='ocrx_word' id='word_1_358' title='bbox 1157 4327 1275 4368; x_wconf 86' lang='lat' dir='ltr'><strong>rursum</strong></span> <span class='ocrx_word' id='word_1_359' title='bbox 1290 4311 1336 4366; x_wconf 84' lang='lat' dir='ltr'><strong>est</strong></span> <span class='ocrx_word' id='word_1_360' title='bbox 1347 4301 1402 4384; x_wconf 66' lang='grc' dir='ltr'><strong>ΕΗ</strong></span> 
     </span>
    </p>
   </div>
   <div class='ocr_carea' id='block_1_6' title="bbox 0 0 1574 5144">
    <p class='ocr_par' dir='ltr' id='par_1_6' title="bbox 0 0 1574 5144">
     <span class='ocr_line' id='line_1_40' title="bbox 0 0 1574 5144; baseline 0 0"><span class='ocrx_word' id='word_1_361' title='bbox 0 0 1574 5144; x_wconf 95' lang='lat' dir='ltr'><strong> </strong></span> 
     </span>
    </p>
   </div>
  </div>
 </body>
</html>
