3152 5142
806 448 846 504 44

381 620 418 689 Si
450 620 503 710 qui
532 643 611 687 uero
634 623 807 710 abruptum
830 631 862 686 et
881 619 1064 706 neglegens
1086 619 1251 686 scribendi
1272 642 1378 706 genus

282 737 443 815 premunt,
466 727 618 796 monendi
640 738 724 810 sunt,
744 729 927 794 Varronem
951 749 1080 793 omnem
1102 737 1249 794 ornatum
1265 738 1297 794 et
1312 731 1379 794 ele·

282 838 466 924 gautiorem
502 839 743 905 enuntiatorum
778 838 1039 904 coniunctionem
1074 839 1223 904 consulto
1258 840 1378 906 uitasse

284 953 316 1008 et
340 943 429 1031 quasi
452 947 620 1032 defugisse
647 946 703 1031 (cf.
731 945 969 1032 &Scioppius
994 947 1129 1012 consult.
1154 946 1194 1013 de
1220 950 1322 1014 schol.
1347 959 1379 1015 et

284 1055 367 1120 stud.
396 1063 455 1120 rat.
485 1078 516 1141 p,
538 1056 589 1119 50.
624 1055 684 1122 Th.
707 1055 890 1122 Mommsen
911 1078 1011 1120 roem.
1038 1055 1159 1123 Gcsch.
1183 1057 1235 1122 ΙΙΙ
1254 1079 1285 1144 p.
1301 1057 1377 1137 565)

284 1183 422 1248 eumque
454 1161 607 1228 Ciceroni
637 1163 677 1226 de
709 1162 869 1228 industria
904 1162 1059 1228 obnixum
1090 1185 1171 1249 esse,
1208 1177 1379 1252 praeterea

283 1279 392 1334 autem
413 1269 454 1333 de
478 1271 626 1336 omnibus
649 1271 868 1337 subtilioribus
892 1272 973 1337 certi
996 1272 1171 1360 quidquam
1195 1275 1291 1339 statui
1321 1274 1378 1359 (ef.

287 1378 339 1444 W.
352 1377 393 1443 A.
407 1379 535 1444 Becker
546 1380 663 1444 ntschr.
687 1382 709 1445 f.
735 1380 857 1444 ultthw.
886 1379 966 1446 1845
990 1403 1020 1467 p.
1034 1382 1105 1446 992.
1129 1380 1278 1470 Spengel
1299 1384 1377 1458 ibid.

288 1486 507 1573 mespres)
530 1496 605 1551 unte
629 1502 694 1552 non
717 1509 813 1574 posse
845 1509 939 1572 quam
972 1489 1013 1554 de
1045 1487 1226 1554 Florentini
1258 1489 1379 1556 codicis

286 1599 340 1680 (cf.
363 1598 405 1663 A.
425 1597 489 1664 Mai
509 1600 612 1684 praef.
637 1598 678 1662 ad
703 1597 771 1664 Cic.
795 1599 834 1664 de
859 1599 984 1684 republ.
1010 1600 1132 1664 Romae
1164 1599 1244 1663 1822
1279 1623 1309 1687 p.
1321 1599 1377 1682 20;

238 1711 242 1720 '
287 1705 341 1770 W.
365 1705 507 1774 Corssen
529 1707 611 1795 orig.
634 1731 722 1796 poes.
743 1709 835 1774 Rom.
857 1732 888 1796 p.
912 1710 969 1790 543
1013 1708 1162 1797 Spengel
1192 1707 1318 1774 emend.
1348 1709 1380 1772 in

287 1813 390 1880 Tacit.
403 1814 482 1901 ΡΑ)
502 1815 640 1901 siugulis
659 1816 741 1882 locis
764 1825 900 1898 constet,
922 1838 1016 1900 quam
1040 1819 1081 1881 ob
1103 1837 1173 1881 rem
1195 1817 1246 1881 uir
1262 1818 1302 1882 el.
1326 1818 1379 1902 qui

287 1921 365 1986 olim
396 1931 429 1986 et
454 1944 559 2010 nuper
583 1922 624 1988 de
644 1924 794 1988 Varrone
827 1923 947 2012 optime
977 1924 1103 2004 meruit,
1134 1932 1171 1987 ut
1203 1923 1381 1988 editionem

287 2055 382 2118 quam
399 2033 485 2098 intus
509 2042 617 2098 seruat
637 2031 671 2096 in
691 2033 800 2097 lucem
817 2032 917 2095 edere
939 2032 1030 2116 uelit,
1054 2031 1150 2096 ctiam
1170 2042 1268 2119 utque
1285 2034 1382 2096 etiam

288 2142 454 2226 rogandus
477 2153 534 2208 est.

388 2251 480 2316 Haec
496 2251 525 2316 si
549 2251 761 2338 probabiliter
786 2250 948 2338 disputata
976 2260 1059 2333 suut,
1087 2253 1194 2316 omnia
1217 2251 1258 2319 Ο.
1280 2251 1382 2318 Muel-

289 2359 348 2424 leri
383 2368 575 2445 argumenta
607 2359 774 2446 ipsamque
809 2358 1027 2424 coniecturam
1052 2359 1254 2426 festinantius
1289 2383 1383 2447 quam

290 2467 553 2553 circumspectius
583 2469 740 2555 prolatam
771 2467 945 2533 concidere
971 2467 1120 2534 uidimus.
1168 2491 1272 2554 neque
1303 2490 1383 2534 uero

288 2575 577 2663 perspicuumst,
608 2575 770 2660 quomodo
794 2575 853 2640 hos
877 2575 979 2640 libros
1002 2574 1036 2639 in
1063 2575 1171 2641 lucem
1193 2575 1331 2642 rediisse
1354 2585 1386 2639 et

289 2675 336 2748 ad
352 2705 410 2749 nos
433 2685 562 2751 uenisse
585 2683 787 2770 cogitauerit,
818 2683 873 2771 qui
901 2687 1003 2771 praef.
1025 2685 1116 2750 Festi
1138 2708 1169 2772 p.
1184 2686 1284 2750 XXX
1304 2685 1386 2748 Ver-

289 2793 374 2858 rium
406 2793 559 2860 Flaccum
592 2792 637 2858 eis
667 2815 759 2856 usum
793 2814 864 2858 esse
893 2801 1002 2877 negat,
1036 2794 1121 2880 ‘quia
1154 2793 1388 2858 delitescebant

291 2903 456 2968 etiamtum
477 2905 531 2968 uel
553 2925 618 2969 non
644 2926 682 2968 ca
702 2902 893 2968 auctoritate
916 2903 951 2967 in
973 2903 1140 2990 publicum
1174 2902 1252 2966 editi
1286 2912 1387 2983 erant,

289 3023 325 3077 ut
337 3013 474 3079 Verrius
485 3013 643 3078 Varronis
663 3012 785 3100 uolnini
800 3012 946 3099 praefixo
969 3010 1045 3075 satis
1068 3010 1267 3076 confideret'.
1290 3010 1387 3096 plane

196 3172 199 3179 .
290 3144 368 3187 uero
391 3144 526 3188 necesse
551 3131 608 3204 est,
632 3145 686 3187 eos
709 3131 762 3186 aut
786 3143 863 3185 mox
887 3120 1070 3208 postillam
1093 3120 1320 3208 spoliationem
1345 3119 1386 3183 ab

291 3255 330 3296 eo
348 3231 402 3318 qui
415 3233 587 3319 queminus
604 3241 672 3296 tum
690 3231 862 3295 interirent
875 3230 1086 3318 prohibuerat
1101 3230 1244 3316 prolatos
1257 3250 1339 3314 esse,
1356 3237 1389 3291 et

291 3345 476 3410 Varronem
489 3342 544 3428 qui
563 3341 625 3406 tria
638 3351 711 3430 post
720 3341 802 3406 hane
815 3339 1030 3405 calamitatem
1043 3340 1144 3404 lustra
1154 3338 1236 3404 uidit
1251 3359 1306 3403 eos
1318 3337 1388 3402 siue

291 3452 463 3540 agnouisse
474 3448 1192 3536 siuedeleuisso,autnunquamconparuisse.
1209 3470 1274 3512 nou
1284 3446 1388 3531 magis

291 3561 495 3648 intellegitur
516 3559 678 3649 quomodo
703 3568 767 3623 tam
791 3559 909 3624 mirum
930 3559 1032 3653 fatum
1047 3557 1183 3622 eruditis
1196 3554 1388 3643 posterioris

229 3667 231 3672 ’
293 3671 447 3760 temporis
469 3692 602 3757 prorsus
624 3663 827 3756 incognitum
845 3691 917 3734 esse
933 3667 1087 3754 potuerit,
1109 3689 1182 3731 nam
1196 3687 1273 3730 sane
1285 3664 1388 3747 Quin·

294 3781 432 3865 tilianus,
455 3781 482 3844 si
505 3779 565 3844 hos
587 3778 688 3845 libros
711 3801 876 3866 uunquam
898 3776 1091 3845 aOiceronc
1105 3777 1130 3855 ¹)
1153 3776 1267 3859 lectos,
1290 3774 1388 3838 immo

294 3891 348 3955 diu
369 3899 444 3978 post
472 3889 539 3954 cius
570 3899 603 3953 et
635 3889 661 3953 si
689 3888 760 3952 fieri
784 3887 943 3973 potuisset
966 3884 1125 3949 Varronis
1149 3893 1286 3968 mortem
1313 3905 1386 3972 pro-

293 4013 412 4069 tractos
441 4026 511 4070 esse
546 4012 735 4090 conpertum
767 4000 943 4083 habuisset,
974 4021 1038 4063 non
1061 3997 1245 4084 scripsisset
1265 4003 1317 4062 scd
1341 4003 1389 4062 cut

298 4165 495 4174 ..-.--—--.-

393 4256 420 4322 1)
438 4255 513 4309 Nihil
532 4273 567 4309 ex
584 4255 695 4309 silentio
713 4254 742 4308 in
762 4253 901 4308 Ciceronis
920 4252 1046 4322 epistulis
1065 4249 1137 4305 effici
1150 4249 1258 4304 monuit
1271 4249 1301 4301 L.
1314 4248 1389 4303 Roth

294 4355 377 4410 leben
396 4352 422 4407 d.
441 4353 529 4408 Varro
549 4370 576 4421 p.
586 4351 630 4406 25.
