3152 5142
827 465 864 522 12

279 663 479 732 'eorumque
507 647 649 732 primum
679 655 805 712 rectum
836 645 945 734 posuit
979 644 1119 727 (V1114
1146 665 1178 730 p.
1198 644 1260 709 393
1295 645 1334 709 cf.
1359 645 1398 711 R.

302 753 451 822 Schmidt
471 753 493 819 l.
506 777 530 819 s.
543 777 574 842 p.
586 753 641 841 58)
664 764 695 835 et
719 755 759 819 ab
783 755 908 822 eisdem
930 763 1114 843 temporum
1137 754 1230 820 uerbi
1253 753 1398 841 descrip-

301 863 423 928 tionem
434 863 555 950 (VHII
566 865 605 929 97
618 886 650 951 p.
665 865 727 930 529
738 866 801 953 sq.)
816 874 977 930 mutuatus
995 874 1043 929 est
1059 864 1238 946 (ct-Herm.
1249 863 1401 934 Schmidt

302 971 402 1036 doctr.
425 981 524 1059 temp.
546 972 640 1038 uerbi
662 996 711 1060 gr.
735 983 768 1038 et
789 974 844 1038 lat.
862 972 987 1061 1p.14.
1009 973 1047 1039 R.
1061 972 1212 1041 Schmidt
1224 976 1244 1039 l.
1257 975 1278 1039 1.
1290 997 1322 1061 p.
1334 975 1398 1060 68).

301 1081 360 1148 scd
381 1101 442 1146 nec
465 1082 541 1146 talia
562 1103 668 1168 nequo
699 1085 840 1171 uestigia
865 1083 1023 1168 quaedam
1050 1081 1182 1148 intimae
1210 1085 1400 1152 dialecticae

301 1191 421 1256 stoicae
440 1191 494 1270 (ci.
510 1190 557 1254 VI
575 1192 616 1258 56
637 1215 668 1279 p.
688 1193 750 1258 232
774 1194 813 1258 cl.
839 1193 951 1257 Prantl
973 1193 993 1256 l.
1015 1217 1039 1257 s.
1064 1214 1095 1279 p.
1114 1193 1186 1258 438.
1206 1195 1277 1259 519.
1301 1191 1334 1257 Χ
1358 1193 1399 1258 59

300 1324 331 1389 p.
343 1300 414 1366 578.
447 1297 483 1364 L.
505 1300 547 1365 D.
560 1299 695 1384 111153)
718 1310 755 1366 ut
781 1311 872 1366 recte
898 1303 939 1366 de
961 1301 1052 1367 libris
1075 1300 1194 1366 nostris
1213 1301 1398 1369 iudicemus

301 1410 474 1477 sufficiunt.
497 1433 571 1475 nam
595 1411 688 1478 stoici
709 1412 743 1476 in
766 1412 875 1478 multis
897 1414 994 1494 rebus
1009 1411 1229 1498 grammaticis
1246 1421 1397 1478 auctores

301 1531 403 1604 erant,
426 1540 562 1605 quorum
585 1520 717 1585 inuenta
741 1543 853 1586 omnes
866 1521 1068 1607 grammatici
1079 1522 1257 1606 probarent
1273 1521 1399 1586 etVar·

300 1647 416 1692 renem
437 1626 471 1690 in
493 1625 543 1691 his
565 1626 663 1692 rebus
683 1626 717 1690 in
740 1627 930 1693 uniuersum
951 1649 1064 1692 eorum
1078 1629 1262 1717 praeceptis
1277 1630 1400 1695 obtem·

301 1739 434 1822 perosae
457 1758 555 1824 supra
576 1733 729 1799 uidimus.

399 1843 570 1911 Rationem
593 1853 625 1908 et
649 1843 873 1909 consilium
895 1844 993 1910 totius
1021 1845 1162 1931 operis
1192 1844 1400 1933 perpenden-

300 1955 388 2021 tibus
409 1955 539 2041 longius
558 1953 651 2018 nobis
675 1952 956 2040 progrediendum
976 1964 1035 2018 est.
1057 1955 1144 2038 quod
1166 1954 1206 2019 ad
1226 1975 1399 2041 argumen-

301 2073 370 2128 tum
398 2063 522 2146 attinet,
552 2083 605 2126 eas
631 2062 834 2147 quaestiones
866 2063 1052 2130 tractandas
1076 2063 1119 2128 M.
1142 2063 1314 2130 Terentius
1339 2063 1402 2128 sibi

292 2170 448 2260 sumpsit,
472 2193 554 2255 quae
578 2170 620 2235 ad
640 2169 812 2235 interiores
834 2171 968 2257 linguae
991 2173 1084 2257 leges
1106 2182 1254 2259 spectant
1276 2182 1401 2259 etymo·

302 2281 426 2370 logiam
451 2279 698 2363 declinationes,
722 2300 785 2364 quo
811 2280 970 2345 uocabulo
995 2289 1027 2346 et
1051 2280 1303 2354 declinationem
1324 2303 1399 2368 pro·

283 2389 374 2480 *prio
397 2389 515 2454 dictam
537 2397 569 2453 et
590 2388 854 2474 coniugationem
878 2398 910 2453 et
932 2389 1166 2455 uocabulorum
1181 2389 1400 2455 deriuationes

304 2498 552 2589 conprehendit,
582 2497 859 2564 constructionem
888 2518 1006 2586 easque
1028 2498 1073 2563 ita
1095 2499 1262 2586 explicare
1283 2500 1399 2584 uoluit,

273 2653 276 2662 ·
301 2621 336 2677 ut
361 2608 571 2697 etprincipia
596 2607 763 2694 generalia
786 2606 962 2694 diligenter
984 2609 1187 2674 examinaret
1213 2618 1246 2673 ct
1271 2610 1402 2698 singula

303 2717 482 2784 secundum
498 2739 546 2801 ea,
560 2737 643 2803 quae
666 2735 744 2780 uera
768 2735 839 2781 esse
860 2715 921 2782 sibi
941 2717 1166 2803 persuasisset,
1187 2739 1402 2805 persequere·

303 2837 364 2893 tur.
393 2851 489 2915 quem
519 2827 554 2891 in
584 2827 683 2891 finem
716 2826 862 2912 singulas
891 2826 1037 2892 hexados
1066 2828 1100 2892 in
1129 2829 1250 2894 triades
1278 2829 1401 2910 diuisit,

304 2960 439 3026 quarum
467 2940 572 3027 prima
601 2938 693 3023 leges
726 2937 909 3024 generales,
938 2938 1040 3001 altera
1067 2939 1194 3026 copiam
1224 2941 1402 3004 uerborum

302 3055 521 3139 percenseret.
547 3044 634 3135 quod
657 3067 850 3144 quamquam
873 3045 914 3110 de
937 3047 1099 3134 prioribus
1129 3056 1253 3112 tantum
1276 3055 1401 3112 constat

302 3157 413 3224 neseio
437 3181 478 3220 an
503 3154 543 3218 de
566 3153 714 3219 omnibus
737 3153 908 3242 probabile
931 3155 981 3219 sit.
999 3155 1248 3240 hocnconsilium
1265 3155 1402 3244 adparet

303 3289 370 3333 non
392 3265 498 3334 minus
520 3264 562 3329 ad
583 3263 795 3351 philosophos
820 3287 917 3349 quam
932 3265 974 3330 ad
989 3268 1219 3352 grammaticos
1233 3267 1402 3356 pertinere

303 3372 560 3461 scriptoremque
581 3372 750 3457 utriusque
771 3373 871 3461 partis
895 3373 1129 3461 disputationes
1149 3376 1290 3442 suumin
1304 3397 1401 3441 usum

312 3565 499 3576 .—-.-.-—---

302 3695 378 3760 ferri,
400 3694 475 3763 quod
494 3693 590 3748 eiectis
608 3693 702 3748 uerbis
723 3715 740 3748 11
760 3715 810 3764 quo
829 3707 939 3748 uocetur
958 3707 987 3748 ut
1010 3697 1041 3748 ab
1055 3698 1169 3748 Hercule
1189 3695 1288 3748 tollere
1304 3696 1400 3749 uolue-

304 3795 379 3859 runt,
398 3790 447 3844 sed
465 3790 533 3845 haec
553 3791 646 3845 omnia
665 3791 829 3860 expellenda
847 3795 920 3844 sunt.
949 3790 1070 3860 primum
1097 3791 1170 3844 enim
1199 3790 1266 3847 haec
1290 3809 1403 3846 casuum

304 3886 455 3958 explicatio
473 3887 549 3940 nulle
566 3886 675 3940 ratione
694 3903 757 3941 cum
775 3887 863 3940 altera
882 3907 940 3939 cum
960 3899 1080 3952 uocaret,
1101 3907 1159 3940 cunr
1176 3892 1262 3954 duret,
1274 3901 1332 3941 'cum
1352 3909 1400 3941 ac-

305 3997 412 4039 cusaret
431 3984 580 4038 coniuncta
601 3988 630 4037 et
649 4002 666 4036 a
682 3984 806 4037 Varrone
825 3984 914 4037 aliena
933 3987 962 4038 et
979 3999 1029 4053 per
1047 4001 1076 4037 ae
1093 3984 1213 4037 absurda
1232 3988 1283 4053 est,
1301 3984 1403 4039 deinde

303 4081 357 4135 hoc
377 4081 439 4135 loco
456 4097 512 4134 uon
532 4082 566 4135 de
586 4098 618 4134 eo
638 4080 686 4150 qui
708 4093 819 4134 uocatur
843 4079 889 4149 agi
917 4079 1022 4147 debuit,
1051 4080 1100 4133 sed
1124 4080 1159 4134 de
1187 4097 1219 4134 eo
1247 4081 1295 4150 qui
1318 4095 1400 4147 vocet,

304 4180 420 4248 propter
439 4178 515 4232 cuius
534 4179 662 4230 naturam
682 4193 760 4230 casus
779 4175 912 4229 declinati
930 4180 1003 4244 sunt,
1022 4175 1140 4244 denique
1159 4175 1262 4245 duplex
1277 4175 1346 4232 haec
1357 4194 1401 4232 ca-

305 4291 384 4330 suum
402 4274 573 4329 enumeratio
592 4275 627 4328 ab
639 4273 765 4328 hocloco
777 4289 831 4341 quo
841 4273 1006 4328 breuissime
1018 4289 1153 4327 summam
1163 4289 1256 4326 rerum
1266 4273 1401 4344 perstrin-

304 4373 347 4443 git
364 4371 504 4426 abhorret.
