3126 5146
821 437 879 494 itt

301 619 426 693 sonant,
447 608 483 676 in
506 609 556 676 his
577 608 824 676 similitudinem
845 615 951 677 tactos
973 609 1095 694 ualere,
1115 620 1152 676 ut
1169 611 1196 676 si
1212 603 1335 678 leniter
1343 613 1397 678 us]

299 741 413 808 aspere
438 741 569 786 sensum
592 728 743 805 tangunt,
761 719 878 784 lenitas
901 719 954 784 uel
979 719 1139 806 asperitas
1161 720 1342 786 litterarum
1361 731 1398 787 ut

297 829 405 915 tangit
428 828 585 911 auditum,
614 828 660 895 sic
695 828 741 894 eis
772 829 902 894 nomina
928 828 1104 917 pepererit,
1134 838 1171 893 ut
1193 829 1300 917 ipsum
1322 830 1395 896 lene

298 961 373 1003 oum
394 937 530 1005 dicimus
552 939 671 1006 leniter
692 948 794 1004 sonat.
830 938 901 1026 quis
928 938 1008 1006 item
1037 939 1246 1027 asperitatem
1269 963 1336 1006 non
1364 948 1396 1005 et

279 1049 368 1137 'ipso
392 1047 525 1114 nomine
548 1069 695 1137 asperam
716 1047 861 1114 iudicet?
890 1047 968 1115 lene
991 1055 1041 1116 est
1062 1045 1194 1134 auribus
1219 1071 1289 1114 cum
1319 1049 1430 1120 dici-5

296 1179 367 1223 mus
392 1158 555 1246 uoluptas,
584 1178 735 1244 asperum
765 1179 837 1222 cum
864 1157 1005 1223 dicimus
1035 1181 1127 1224 crox.
1157 1157 1276 1223 iteres
1304 1158 1394 1247 ipsae

295 1266 442 1332 afficiunt
463 1277 500 1332 ut
522 1267 624 1333 uerba
646 1263 838 1330 sentiuntur.
862 1267 939 1350 mel,
972 1289 1069 1354 quam
1098 1265 1240 1332 suauiter
1262 1277 1394 1353 gustum

296 1397 349 1442 res
369 1376 451 1465 ipsa,
471 1385 539 1442 tam
552 1375 673 1442 leniter
693 1375 827 1440 nomine
849 1375 954 1462 tangit
975 1375 1136 1460 auditum3
1154 1393 1230 1442 aere
1250 1376 1285 1442 in
1307 1387 1393 1443 utro-

297 1507 360 1572 que
390 1504 542 1574 asperum
576 1494 640 1568 est;
665 1485 740 1551 lana
769 1493 802 1550 et
823 1505 942 1572 uepres
970 1495 1006 1551 ut
1028 1485 1204 1551 audiuntur
1225 1487 1327 1552 uerba
1348 1488 1396 1552 sio

294 1595 351 1662 ilia
373 1603 562 1684 tanguntur.
602 1596 683 1660 haee
707 1593 796 1679 quasi
820 1594 979 1660 cunabula
997 1597 1174 1660 uerborum
1196 1617 1266 1662 esse
1287 1589 1389 1660 credi·
1412 1617 1445 1672 10
1490 1583 1497 1599 ”

295 1705 426 1791 derunt,
446 1705 503 1771 ubi
526 1723 639 1772 sensus
662 1723 774 1770 rerum
797 1725 869 1770 cum
882 1724 1035 1771 senorum
1049 1723 1147 1770 sensu
1169 1705 1394 1771 concordaret.

293 1814 370 1878 hinc
393 1814 434 1879 ad
461 1813 604 1904 ipsarum
626 1814 715 1880 inter
738 1832 772 1880 se
796 1833 907 1880 rerum
930 1809 1175 1880 similitudinem
1195 1815 1393 1903 processisse

294 1923 460 2007 licentiam
483 1922 684 1997 nominandi,
719 1932 755 1988 ut
779 1943 854 1988 cum
875 1922 968 1988 uerbi
995 1943 1091 1988 causa
1114 1943 1197 1988 crux
1219 1931 1394 2011 propterea

296 2032 382 2097 dieta
407 2031 460 2117 sit,
492 2032 580 2118 qnod
608 2031 710 2121 ipsius
735 2033 828 2099 uerbi
851 2031 1008 2122 asperitas
1041 2052 1112 2096 eum
1144 2032 1266 2098 doloris
1297 2053 1393 2119 quem

297 2163 377 2208 crux
397 2141 497 2208 efficit
519 2143 692 2231 asperitate
716 2143 904 2229 concordet,
927 2161 1021 2209 crura
1041 2149 1239 2208 tamennon
1254 2151 1392 2231 propter
1410 2160 1442 2214 15

295 2251 506 2340 asperitatem
537 2251 669 2336 doloris,
704 2251 762 2316 sed
793 2251 880 2337 quod
910 2250 1118 2337 longitudine
1147 2261 1245 2339 atque
1273 2251 1392 2316 duritie

294 2361 381 2425 inter
401 2360 548 2425 membra
572 2367 680 2425 cetera
701 2359 765 2426 sint
786 2361 877 2448 ligno
901 2360 1006 2426 erucis
1029 2359 1195 2446 similiora,
1215 2360 1262 2425 sic
1281 2358 1393 2449 appel-

293 2470 357 2534 lata
379 2477 464 2534 sunt.
483 2468 560 2534 inde
584 2468 624 2534 ad
645 2469 835 2534 abusionem
857 2479 1003 2554 uentum,
1024 2479 1061 2535 ut
1081 2478 1392 2558 usurpeturnomen

294 2600 361 2644 non
382 2577 431 2643 rei
453 2577 567 2644 similis
592 2577 651 2644 sed
671 2578 762 2664 quasi
783 2569 922 2644 uicinae.
953 2578 1033 2663 quid
1055 2577 1143 2644 enim
1164 2577 1270 2643 simile
1294 2579 1392 2644 habet

294 2685 487 2772 significatio
508 2687 603 2775 parui
625 2696 657 2753 et
681 2686 807 2772 minuti,
825 2706 898 2752 curn
917 2685 1020 2774 possit
1040 2706 1178 2778 paruum
1200 2709 1282 2772 esse,
1303 2685 1391 2774 quod
1408 2704 1441 2758 20

295 2891 464 3021 κατᾶἔρησις
482 2899 526 2950 est
544 2896 689 2980 usurpatio
699 2897 828 2979 'nominis
847 2897 938 2980 alieni,
963 2901 996 2950 ut
1013 2896 1184 2966 parricidam
1202 2896 1327 2980 dicimus,
1347 2897 1395 2966 qni

299 2967 976 3095 ⁰“attatttttdttttttottattt
986 2968 1329 3110 iitaiiiet'ediffpeii‘d
1340 2985 1396 3093 ¹1¹¹a⁵3

297 3056 468 3180 {dtiphrasis
489 3114 532 3164 est
552 3109 638 3164 dictio
657 3127 692 3164 ex
711 3111 851 3166 contrario
876 3111 1043 3181 significans.
1077 3079 1145 3166 haee
1169 3111 1204 3165 ab
1224 3081 1318 3166 ironia
1330 3081 1393 3166 ’hoe
1441 3155 1442 3158 ,

297 3182 400 3250 differt,
429 3181 504 3250 quod
522 3181 612 3236 ironia
632 3181 745 3237 adfectu
760 3187 852 3238 mutat
870 3181 1110 3253 significationem,
1138 3182 1305 3252 antiphrasis
1324 3195 1393 3236 nero

395 3387 413 3444 3
431 3375 564 3444 auditam
574 3383 638 3443 DP
648 3377 663 3462 ΙΙ
675 3335 744 3444 sicis
758 3376 808 3463 (ΙΙΙ
821 3385 940 3502 peperit
951 3386 981 3442 at
990 3383 1088 3460 ipsum
1098 3385 1127 3444 P
1139 3377 1154 3465 ΙΙ
1169 3387 1186 3442 6
1199 3401 1336 3461 asperum
1348 3390 1393 3444 ast

294 3539 359 3578 curn
370 3521 400 3581 P
409 3512 424 3599 ΙΙ
439 3505 512 3578 orfix
525 3519 556 3578 B
569 3511 585 3598 ΙΙ
598 3519 617 3574 7
630 3517 772 3578 adficiunt
782 3520 814 3578 D
829 3518 961 3578 efficiunt
971 3517 1001 3576 B
1017 3517 1148 3577 efficiunt
1157 3521 1187 3581 P
1197 3521 1212 3591 ΙΙ
1226 3521 1393 3580 sentiuntur

294 3607 411 3665 cornia
420 3604 626 3663 sentianturD
638 3603 803 3661 sentiantur
811 3601 870 3662 BP
882 3605 896 3673 ΙΙ
911 3604 972 3660 dre
988 3605 1024 3663 ω’.
1034 3602 1187 3664 ortulano
1200 3605 1215 3674 11
1228 3604 1334 3662 leuiter
1343 3601 1394 3678 ΡΙΙ

296 3688 314 3748 9
338 3693 406 3762 post
424 3687 517 3746 uerba
538 3687 614 3748 duae
632 3687 696 3760 fere
718 3689 832 3778 litterae
853 3702 955 3747 erasae
975 3688 1008 3746 itt
1028 3688 1059 3746 B
1077 3681 1093 3767 ΙΙ
1118 3687 1154 3746 11
1180 3689 1394 3747 concordarent

789 3767 835 3806 dine

268 3835 271 3842 ‘
294 3815 437 3902 ΒΟΒΡΙΙ
453 3824 490 3882 12
512 3823 608 3900 ipsam
631 3823 656 3884 0
667 3815 681 3900 ΙΙ
695 3821 818 3880 similitu
837 3821 1014 3900 processisse
1035 3816 1139 3900 01115
1163 3823 1322 3884 coneordat
1343 3825 1395 3885 GP

295 3907 529 3970 concordaretB
542 3899 557 3986 ΙΙ
573 3910 610 3966 16
633 3907 760 3966 duritiae
780 3909 810 3964 et
828 3909 907 3966 inter
918 3906 948 3964 B
970 3905 1097 3964 duritiae
1119 3911 1150 3964 et
1169 3911 1247 3968 inter
1268 3909 1321 3970 sod
1333 3926 1392 3982 pro

295 3999 325 4054 ct
348 3997 436 4053 anau
456 4011 491 4054 ae
511 3991 764 4065 restaurasse
785 3992 904 4050 uidetur
926 3991 958 4050 D
979 3989 1091 4050 duritie
1114 3995 1144 4050 et
1163 3995 1241 4054 inter
1268 3992 1293 4054 0
1312 3993 1393 4052 duri·

291 4080 351 4138 tiae
371 4078 450 4136 inter
470 4069 526 4154 ΡΙΙ
547 4075 584 4136 17
606 4077 701 4134 erucis
723 4093 777 4136 om.
800 4073 918 4137 BODP
935 4073 1005 4134 add.
1029 4075 1231 4138 Louootettses
1251 4068 1268 4156 ΙΙ
1291 4076 1393 4154 appel·

292 4166 355 4227 lata
373 4162 436 4220 sint
455 4159 542 4221 Boo
557 4161 573 4235 l}
587 4163 625 4218 18
647 4162 770 4220 uentum
792 4163 837 4218 est
857 4164 892 4217 ut
912 4151 1087 4236 Pllnomen
1107 4179 1166 4220 nou
1186 4164 1249 4224 eod.
1267 4159 1391 4221 Gurtho-

292 4251 396 4310 st'utttte
415 4247 647 4406 Lottlpniettot’utn
666 4248 765 4304 tamen
782 4263 841 4304 non
857 4243 975 4308 BODP
987 4235 1002 4322 ΙΙ
1018 4245 1055 4304 19
1078 4245 1130 4308 sed
1151 4261 1205 4308 ota.
1218 4239 1275 4326 ΡΙΙ
1288 4246 1329 4304 20
1341 4263 1394 4322 pa·

292 4353 358 4394 rum
377 4329 465 4390 BOD
