3152 5142
833 458 875 518 66

302 632 466 698 Victorini
498 654 549 696 ers
581 631 793 716 grammatice
821 629 1116 716 deorthegrephiu
1137 638 1174 694 et
1194 630 1330 694 metrice
1351 635 1401 694 ri-

302 741 392 806 tione
415 749 448 804 et
469 739 640 806 Diomedis
661 739 746 803 liber
767 738 881 804 tertius
904 748 970 803 tem
992 738 1072 803 mire
1095 737 1181 803 inter
1204 759 1238 802 se
1263 741 1400 802 conseri-

300 850 385 916 tiunt
399 850 442 934 ¹),
472 858 509 913 ut
531 869 728 913 conmunem
748 857 914 913 auctorem
937 848 1008 914 siue
1031 847 1167 914 Caesius
1189 847 1309 913 Bessus
1330 848 1400 912 siue

301 958 383 1023 elius
406 958 505 1022 fuerit
527 958 677 1045 prodant.
721 957 836 1044 quibus
865 957 1016 1022 omuibus
1043 956 1258 1022 consideretis
1287 957 1322 1022 in
1353 957 1401 1021 cis

302 1091 382 1154 quae
410 1067 595 1134 necessario
626 1067 679 1132 uel
713 1067 829 1132 saltem
861 1067 960 1158 certis
993 1065 1172 1132 rationibus
1207 1091 1227 1130 e
1247 1066 1400 1132 Varrone

300 1177 479 1266 repetenda
500 1185 575 1242 sunt
597 1197 650 1241 me
670 1177 840 1241 continere
862 1197 958 1260 quem
981 1175 1089 1240 emnia
1110 1197 1195 1260 quoe
1217 1195 1256 1240 eo
1271 1197 1339 1240 non
1352 1175 1399 1238 iu-

301 1288 400 1374 digne
422 1287 581 1354 uidentur
599 1286 732 1351 credule
754 1304 935 1372 congerere
956 1282 1065 1350 malui.

399 1397 440 1461 In
467 1396 623 1480 rhythmo
654 1393 840 1460 definiendo
870 1390 1107 1458 Aristoxenum
1129 1394 1238 1458 Varro
1267 1403 1400 1459 secutus

302 1515 360 1572 est.
383 1506 427 1572 M.
438 1505 591 1570 Terentio
615 1514 663 1568 est
687 1504 772 1570 enim
796 1503 980 1588 ‘rhythmus
1003 1505 1125 1590 pedum
1149 1513 1400 1590 temporumque

301 1615 451 1679 iunctura
472 1614 572 1678 uelox
593 1612 697 1677 diuise
718 1612 752 1675 in
774 1612 838 1676 ersi
862 1621 894 1675 et
916 1611 1013 1696 thesi,
1035 1613 1090 1677 uel
1104 1621 1312 1697 tempusque
1333 1611 1402 1696 syl-

303 1724 394 1788 lebss
406 1721 565 1787 metimur’
584 1721 637 1792 (fr.
650 1720 717 1804 64),
739 1721 939 1786 Aristoxeno
962 1715 1091 1801 ῥυθμός
1111 1720 1180 1783 ἐστι
1198 1717 1325 1798 χρόνων
1345 1718 1398 1780 rri-

301 1834 350 1906 ξις
381 1830 483 1913 (Max.
509 1829 647 1896 Plenud.
668 1829 702 1894 iu
724 1829 882 1916 Hermog.
901 1829 946 1894 id.
967 1827 998 1890 V
1021 1851 1052 1915 p.
1063 1829 1127 1893 454
1140 1829 1210 1893 W..
1241 1831 1401 1894 chonon.

304 1940 484 2006 schthII
504 1939 624 2027 prssitfl)
659 1939 714 2004 uel
742 1936 857 2014 χρόνος
886 1936 1079 2020 διηρμένος
1103 1930 1309 2020 ἐφ”ὲκᾶστῳ
1338 1940 1401 2001 wir

303 2045 521 2128 ῥυθμιζεσθαι
547 2047 730 2124 temperior
753 2047 889 2131 (Bacch.
914 2070 943 2134 p.
960 2046 1001 2110 22
1015 2047 1136 2130 Meih),
1158 2054 1238 2134 qua's
1262 2066 1399 2134 genero*

302 2155 376 2221 liter
397 2154 521 2241 positas
543 2153 749 2220 definitiones
776 2174 852 2220 cum
881 2154 924 2218 ed
953 2153 1143 2238 rhythmum
1166 2154 1226 2241 ·qui
1245 2155 1295 2220 iu
1318 2175 1399 2220 neue

301 2264 390 2330 ualet
410 2272 605 2351 pergentem
631 2262 675 2326 ite
702 2263 1006 2350 circumscripsisse,
1039 2273 1078 2328 ut
1100 2263 1307 2330 Varroniano.
1324 2287 1399 2352 puer

301 2373 390 2438 xime
409 2373 450 2437 ed
473 2394 544 2438 eum
562 2372 696 2437 accedet
708 2373 745 2438 R.
760 2372 934 2462 Westphal
946 2375 975 2439 .l.
997 2375 1019 2439 l.
1043 2397 1074 2462 p.
1087 2374 1130 2440 86
1144 2399 1192 2462 sq.
1214 2395 1245 2461 p.
1259 2376 1329 2440 101.
1356 2375 1396 2441 ei.

300 2481 449 2548 Aristex.
471 2481 615 2566 rhythm.
640 2483 733 2548 elem.
756 2504 788 2568 p.
803 2485 876 2549 272.
888 2484 950 2550 276
970 2485 1053 2552 Μον.
1077 2484 1218 2550 ostendit
1231 2484 1275 2566 ’ἢν
1290 2485 1401 2550 etiam

402 2697 429 2765 1)
450 2696 528 2753 Item
553 2707 702 2752 consensus
731 2709 794 2766 curn
808 2695 946 2764 ¹Diomede
970 2695 999 2748 iu
1027 2700 1088 2750 erte
1113 2695 1295 2764 gremmetice
1313 2695 1400 2764 ,uolgo

301 2792 427 2858 Maximo
445 2792 590 2848 Victorino
611 2792 757 2866 'adscripta
786 2797 815 2870 et
838 2797 904 2862 post
930 2791 1093 2848 Putschium
1115 2808 1133 2845 e
1155 2778 1347 2874 Liupleinenpe
1373 2791 1401 2846 in

303 2871 420 2960 corpore
438 2889 684 2960 grammaticorum
702 2889 751 2942 lat.
770 2887 782 2940 I
800 2907 827 2958 p.
837 2887 889 2941 271
902 2905 941 2956 sq.
962 2888 1039 2942 edite
1057 2887 1223 2966 conspicuus
1243 2892 1285 2941 est
1304 2887 1349 2954 (pf.
1369 2886 1402 2940 L.

303 2985 424 3056 Spengel
449 2986 512 3052 ellg.
538 2985 698 3054 schulzeitg.
723 2983 792 3047 1832
812 2985 838 3038 ΙΙ
853 2975 883 3056 p.
898 2985 959 3039 286.
995 2985 1027 3038 F.
1049 2973 1151 3038 Osann¹
1164 2985 1254 3059 beitr.¹
1271 3003 1294 3038 z.
1313 3003 1355 3053 gr.
1375 2997 1400 3037 n.

303 3071 389 3134 roem.
408 3079 646 3150 litteraturgesch.
665 3080 692 3133 II
711 3077 801 3150 pene
815 3059 875 3148 sq).
906 3098 991 3148 quere
1016 3097 1073 3134 non
1091 3084 1149 3133 tem
1169 3074 1343 3150 inprobabile
1366 3081 1401 3134 ab

303 3177 408 3230 eodem‘
420 3177 557 3246 scriptore
576 3177 644 3230 dues
664 3177 725 3230 illes
749 3181 822 3230 artes
846 3176 986 3245 profectas
1008 3191 1067 3230 esse
1084 3175 1153 3229 mihi
1171 3173 1293 3243 uidetur,
1304 3176 1307 3184 ’
1319 3159 1401 3246 quern

304 3271 415 3327 Osanno
433 3273 451 3326 1.
470 3273 487 3326 l.
507 3291 534 3342 p.
548 3273 609 3341 371,
639 3273 687 3343 qui
712 3275 805 3327 tmnen
833 3273 893 3342 ipse
921 3273 1018 3327 eedem
1038 3273 1112 3343 opud
1129 3274 1249 3327 Marium
1269 3279 1297 3328 et
1314 3266 1402 3329 Meri·

303 3387 379 3424 mum
406 3365 570 3439 quibusdem
596 3371 665 3425 locis
691 3384 835 3426 recurrere
858 3371 988 3424 coneedit
1013 3370 1049 3426 ef.
1073 3369 1105 3424 L.
1124 3365 1230 3426 iersch
1253 3370 1354 3426 ztschr.
1380 3370 1399 3429 i.

304 3467 441 3524 slterthw.
464 3465 534 3521 1840
551 3485 579 3535 p.
590 3467 649 3522 116.
686 3466 1015 3536 wentze1i1.p.m.'
1214 3469 1217 3478 '
1380 3469 1384 3476 “

403 3563 431 3632 2)
450 3562 508 3616 Has
526 3561 702 3619 definitiones
721 3580 784 3617 cum
792 3563 986 3630 Aristoxeneie
1003 3579 1088 3640 quem
1107 3561 1143 3618 ud
1157 3562 1269 3642 oppdum
1287 3563 1322 3626 eb
1340 3561 1401 3632 ipsc

305 3660 433 3730 prolatae
449 3663 530 3713 erent
540 3677 654 3739 prorsus
673 3635 822 3714 conuenire
842 3677 898 3713 non
911 3637 999 3734 ma'gis
1020 3658 1167 3737 odiirmsre
1182 3660 1263 3744 iinr.
1277 3677 1358 3752 ‹ppem
1372 3659 1402 3712 in

303 3757 347 3810 his
366 3751 499 3810 Varronis
517 3755 578 3824 ipss
596 3756 683 3809 uerba
709 3760 822 3810 seruate
844 3756 980 3810 existim0.
999 3761 1100 3828 reputo
1123 3756 1204 3824 enim,
1230 3773 1325 3810 omnes
1343 3755 1425 3822 sere=

302 3853 485 3908 metricorum
503 3851 654 3906 latinorum
672 3847 945 3920 definitiones-inter*
958 3871 987 3907 se
1004 3827 1129 3922 pugnare
1147 3843 1285 3926 echeneis
1294 3834 1401 3920 'iudicio

303 3953 356 4003 nee'
371 3947 456 4002 rebus
476 3947 616 4001 subtiliter
642 3945 781 4028 perceptis
809 3963 868 4002 esse
895 3945 1078 4017 perscriptas‚'
1103 3935 1401 4017 prseteiee'eingmlos

304 4044 460 4113 scriptores·
473 4045 556 4113 longe
575 4059 591 4096 e
609 4043 699 4112 primo
716 4044 793 4098 iente
812 4043 917 4110 abesse,
937 4025 1070 4113 pluribus
1084 4043 1131 4112 qui
1149 4044 1247 4098 eedem
1268 4047 1401 4099 retrectri-

304 4141 399 4196 mrim
411 4140 567 4196 interiectis
580 4141 751 4206 auctoribus,
768 4143 861 4210 'neque‘
880 4155 945 4194 senc
963 4141 1064 4194 mirum
1079 4138 1135 4194 n'bi
1152 4129 1401 4194 indebiturturre·

304 4237 347 4293 uis
373 4237 531 4292 uootrinsm
558 4237 632 4293 haud
655 4237 1039 4314 mediocriter,depreuetem
1058 4242 1106 4298 et.
1121 4237 1303 4298 deformatum
1329 4248 1400 4301 esee·

304 4331 431 4402 quemuis
456 4350 523 4388 uero
540 4333 707 4391 Aristoxeno
726 4333 880 4408 Varronem
897 4353 979 4404 usum
996 4352 1057 4410 esse
1072 4334 1144 4407 ,mihi
1162 4337 1293 4408 coeptet..
1309 4335 1401 4407 emptu
