3152 5142
839 467 879 524 50

328 700 330 705 .
404 647 499 713 Duae
522 644 609 712 enim
621 637 623 646 ’
633 643 835 732 potissimum
851 651 961 730 partes
978 641 1230 728 distinguendae
1244 639 1319 708 eunt
1333 663 1404 707 eae·

213 749 216 756 ⁴
307 754 446 840 demque
458 773 591 842 prorsus
604 751 754 818 diuersae
765 761 799 816 at
809 751 900 816 nullo
913 750 999 816 inter
1009 772 1044 816 se
1055 750 1187 819 uinculo
1201 749 1405 834 coniunctae,

306 885 441 948 quarum
464 863 566 928 altera
586 883 698 928 rursus
721 881 763 925 ex
780 860 895 925 duabis
912 859 1082 948 particulis
1106 869 1242 924 constat.
1264 859 1404 948 primum

307 972 400 1036 enim·
416 971 551 1040 Seruius
574 969 669 1034 docet
692 991 754 1055 quo
777 980 913 1034 accentu
933 969 1093 1037 uocabula
1114 968 1215 1062 latina
1237 978 1269 1034 et
1284 989 1405 1054 graece

306 1080 503 1146 enuntianda
524 1078 587 1144 sint
611 1077 645 1164 (ᾗ
663 1079 769 1164 1-6),
795 1077 914 1145 deinde
938 1077 1103 1145 nonnullis
1127 1078 1168 1144 de
1192 1088 1348 1144 accentus
1372 1087 1408 1142 et

305 1189 396 1255 nocis
419 1197 534 1256 natira
555 1184 756 1277 interpositis
779 1191 813 1272 (ξ
832 1190 861 1258 7.
876 1186 922 1273 8),
954 1187 1116 1277 quomodo
1140 1187 1264 1255 turriani
1284 1209 1404 1273 graeca

304 1298 464 1364 uocabula
485 1297 663 1366 extulerint
686 1297 719 1381 (ἕ
741 1298 870 1381 9--15J.
913 1298 1014 1363 altera
1037 1306 1130 1385 parte
1152 1296 1339 1362 doctissime
1362 1297 1405 1363 dc

305 1429 441 1474 numero
467 1416 660 1472 accentuum
684 1427 861 1494 corumque
882 1401 993 1473 indole
1017 1405 1127 1474 multis
1150 1405 1404 1472 clarissimorum

305 1513 592 1602 grammaticorum
615 1524 648 1580 et
670 1515 939 1602 philosophorum
955 1514 1148 1580 testimoniis
1162 1513 1278 1578 adlatis
1294 1513 1403 1603 dispu-

306 1633 394 1690 tatur
414 1626 446 1706 (ἐ
471 1624 618 1706 17-30).
643 1645 725 1711 qnae
747 1645 826 1702 nero
849 1623 960 1712 priore
981 1623 1139 1710 particula
1161 1622 1202 1687 de
1227 1624 1405 1690 latinorum

283 1791 284 1794 ,
307 1732 643 1812 uerborum'ee'eentu
670 1735 883 1822 proteruntur
913 1755 979 1798 non
1001 1733 1098 1798 modo
1121 1732 1271 1797 similiter
1294 1755 1315 1797 a
1335 1732 1404 1798 Do·

221 1873 222 1876 ¹
305 1844 453 1926 natale,
468 1843 484 1906 1
498 1865 531 1929 p.
544 1842 621 1906 1741
635 1842 672 1908 Ρ.
694 1841 857 1910 Diomede
872 1865 904 1929 p.
917 1842 978 1907 426
992 1841 1030 1905 P.
1054 1841 1221 1906 Priscisno
1238 1841 1404 1906 deuncem

305 1953 363 2017 tib.
384 1975 416 2039 p.
432 1950 513 2016 1288
525 1953 563 2017 Ρ.
585 1951 681 2016 Mart.
695 1949 776 2037 Gap.
792 1949 848 2018 ΠΙ
866 1949 927 2015 272
944 1972 976 2036 p.
989 1951 1030 2016 82
1048 1949 1107 2018 Gr.
1129 1949 1349 2037 exponuntur,
1369 1959 1405 2016 ut
1441 1931 1444 1938 ‚

305 2060 523 2149 posteriorum
544 2058 829 2146 grammaticorum
848 2059 1029 2125 doctrinam
1044 2059 1097 2124 hie
1111 2059 1224 2126 haberi
1238 2061 1404 2148 adpareat,

305 2191 422 2235 uerum
444 2169 542 2234 etiem
563 2191 636 2234 eum
658 2168 792 2234 Maximi
804 2167 966 2233 Victorini
989 2169 1095 2256 capite
1105 2171 1131 2252 1)
1156 2168 1405 2250 desecantibus

305 2301 337 2366 p.
363 2279 441 2364 1942
452 2278 490 2344 P.
511 2278 559 2343 ita
578 2277 678 2356 rebus
696 2278 806 2354 uerbis
828 2277 989 2365 exemplis
1014 2277 1232 2362 consentiunt,
1264 2287 1300 2342 nt
1325 2279 1405 2344 alte·

305 2411 377 2455 rum
399 2388 532 2453 alterius
554 2388 675 2454 librum
699 2387 860 2475 expilasse
886 2387 1093 2453 manifestum
1122 2388 1173 2472 sit,
1207 2389 1302 2477 quem
1325 2387 1405 2456 Ser*

305 2497 396 2563 nium
415 2497 517 2564 fuisse
537 2499 606 2562 nois
626 2496 769 2562 dubium.
785 2499 844 2562 est.
865 2498 939 2560 na'in
961 2493 1102 2585 primum
1124 2497 1215 2562 nullu
1235 2496 1333 2562 inodo
1349 2517 1404 2562 ex·

306 2607 420 2694 plicari
442 2617 560 2694 potest,
573 2630 645 2695 ·qua
666 2606 706 2671 de
729 2619 824 2674 causa
846 2605 981 2685 Seruius
1015 2607 1101 2672 hand
1122 2605 1289 2693 paneade
1311 2627 1404 2692 grue⁴

297 2713 419 2783 ¹eorum
441 2719 617 2782 uerborum
639 2716 825 2781 accentibus
844 2715 1019 2781 'additurus
1045 2715 1082 2780 in
1103 2715 1169 2782 fine
1191 2715 1288 2782 huius
1307 2716 1405 2804 parti·

308 2826 401 2891 culae
424 2827 526 2892 ner-ba
546 2837 588 2891 cet
608 2837 704 2894 cutem
723 2833 821 2904 foratu
842 2836 924 2894 uasta?
945 2830 1139 2892 caeculus...
1161 2827 1307 2914 posuerit
1322 2847 1405 2912 quae

305 2935 423 3002 leniter
445 2943 566 3000 mutata
589 2935 675 3021 apud
697 2934 911 3000 Victorinum
931 2957 967 3000 re
1003 2935 1152 3000 confecta
1183 2959 1241 3000 suu
1259 2921 1339 3002 leco
1361 2936 1405 3002 le-

306 3053 437 3132 guntur.
462 3043 582 3110 deinde
602 3045 685 3110 haec
709 3027 997 3132 prior'disputati'o
1026 3047 1060 3126 (ξ
1083 3045 1177 3130 Ι-αὸ)
1207 3069 1281 3110 enm
1303 3045 1406 3110 altera

308 3154 487 3239 <eos-15),
509 3163 545 3218 ut
567 3155 789 3242 paragraphus
811 3155 1019 3241 interpositas
1045 3157 1087 3238 (7.
1103 3155 1136 3240 8)
1159 3177 1246 3220 nune
1267 3154 1405 3238 mittem,

306 3291 372 3334 non
392 3269 488 3333 modo
511 3268 602 3334 nullo
624 3267 754 3332 uinculo
777 3269 902 3334 eon'exa
924 3275 985 3349 est,
1016 3287 1131 3330 uerum
1160 3267 1257 3332 etiam
1288 3267 1327 3330 ab
1350 3287 1405 3330 eo-

307 3378 382 3442 dem
402 3377 561 3464 scriptore
585 3378 732 3464 profecta
760 3397 831 3442 esse
860 3372 926 3440 non
955 3383 1073 3464 potest,
1105 3375 1179 3462 qnia
1209 3399 1282 3440 cnm
1306 3397 1406 3464 supra

307 3489 341 3572 (ξ
354 3487 387 3571 ὃ)
411 3487 452 3554 de
475 3507 669 3572 graecorum
686 3487 921 3554 uocabulorum
936 3485 1062 3572 graecis
1076 3485 1405 3572 litteris-scriptorum

307 3605 445 3662 accentu
468 3603 588 3660 actum.
603 3595 655 3679 sit,
687 3594 727 3659 de
760 3595 882 3659 eisdem
911 3594 1037 3680 graecis
1059 3594 1229 3660 uocabulis
1254 3593 1346 3678 qnasi
1369 3615 1405 3664 re

307 3727 441 3792 prorsus
465 3705 596 3791 integra
610 3705 718 3770 denno
732 3705 906 3792 quaeritur.
925 3703 1063 3788 accedit,
1082 3705 1169 3789 qued
1180 3703 1290 3770 statim
1302 3704 1406 3791 prime

307 3817 441 3883 alterius
461 3803 638 3905 particulae
661 3818 691 3898 (ξ
707 3817 739 3898 9)
763 3816 864 3882 uerba
884 3826 962 3899 quod
985 3824 1026 3884 od
1055 3824 1162 3884 monos
1182 3828 1318 3884 macutus
1338 3826 1406 3883 otti-

305 3939 353 3996 net
373 3937 436 3994 stuc
453 3936 577 3994 staticus
595 3935 657 3993 stuc
679 3933 893 3994 commutabiles
913 3936 986 3992 actis
1006 3933 1116 3994 otram
1129 3927 1303 3995 ostendunt
1318 3925 1403 3992 hane

307 4057 349 4102 ex
371 4037 434 4102 alio
460 4038 551 4102 fonte
574 4057 612 4099 ac
631 4035 774 4122 priorem
797 4034 984 4121 particulam
1008 4035 1152 4115 fluxisse,
1186 4059 1261 4101 nam
1291 4031 1403 4100 accen·

310 4197 491 4207 ..u--m-a—-n

408 4273 436 4343 1)
457 4273 539 4341 Quod
563 4279 649 4344 ceput
672 4289 730 4328 non
752 4286 802 4326 sno
825 4272 888 4328 loco
910 4273 968 4342 legi
986 4277 1062 4328 recte
1081 4273 1217 4329 iudicauit
1236 4272 1268 4327 L.
1286 4239 1406 4344 Spengel

307 4372 371 4441 allg-
394 4371 585 4444 sehulzeitung
605 4370 672 4424 1832
693 4371 718 4423 ΙΙ
736 4390 763 4441 p.
778 4371 839 4425 285.
1394 4394 1397 4402 ·
