3152 5142
835 465 875 522 70

317 645 456 737 pedibus
483 643 630 712 iambicis
659 641 845 711 octonarius
877 639 931 726 (fr'.
949 643 1002 722 75)
1025 643 1130 708 flerat.
1172 649 1341 729 praeterea
1375 639 1417 711 dc

243 801 244 804 =
317 768 394 822 nota
417 755 554 844 quadam
579 743 764 824 transuersa
784 751 941 817 breuibus
962 751 1097 836 syllabis
1118 771 1179 838 pro
1202 749 1310 836 longis
1331 749 1414 836 posi-

317 867 360 931 tis
376 866 409 932 in
424 865 610 953 septenario
627 860 842 928 adscribenda
860 859 929 946 egit
944 860 997 946 (fr.
1011 857 1076 944 74),
1098 860 1185 948 quod
1200 868 1414 947 praecaptum

317 969 404 1064 apud
428 971 772 1042 RufinumDiomsdia
799 971 839 1036 de
871 971 1054 1058 septenario
1083 969 1306 1037 testimouium
1328 967 1414 1033 exci-

318 1086 377 1175 pit,
408 1085 499 1150 nullo
531 1095 642 1148 tamen
664 1100 737 1146 cum
759 1081 822 1146 hoc
852 1082 983 1148 uinculo
1005 1081 1214 1146 coniunctum
1238 1088 1296 1144 est.
1338 1079 1415 1144 ‘nun

317 1201 427 1282 potest
447 1193 540 1259 enim’
561 1203 598 1258 ut
620 1193 780 1260 Ritse-beli
802 1192 913 1258 uerbis
930 1196 1067 1279 (quaest.
1090 1190 1187 1255 Varr.
1208 1211 1240 1277 p.
1254 1187 1310 1272 35)
1331 1195 1416 1268 utar,

318 1304 396 1369 ‘non
416 1303 470 1369 bic'
493 1321 564 1368 esse
584 1303 754 1390 utriusque
776 1323 892 1384 nexus,
914 1310 985 1365 uta
1005 1300 1114 1384 modo,
1136 1317 1200 1384 quo
1213 1297 1416 1386 ‘septenarius

319 1413 413 1478 iisret
436 1411 617 1493 asenario,
639 1411 833 1478 transiretur
855 1410 895 1474 ad
918 1410 1031 1475 talium
1054 1408 1313 1495 septenariorum
1328 1427 1414 1470 com-

319 1519 597 1604 memorationem,
628 1538 765 1604 quorum
796 1519 903 1584 media
933 1518 1060 1604 syllaba
1090 1517 1198 1583 breuis
1221 1517 1415 1580 haberetur:
1503 1576 1505 1580 ,

320 1615 468 1718 qualium
494 1638 619 1694 constat
647 1651 712 1694 non
742 1627 900 1694 minorem
929 1645 999 1692 esau
1034 1623 1287 1709 multitudinem,
1320 1645 1416 1710 quam

320 1759 458 1824 quorum
478 1733 585 1803 media
616 1735 744 1824 syllaba
773 1737 904 1802 admisit
924 1737 1057 1802 hiatum.
1076 1745 1112 1802 'ta
1131 1743 1300 1802 belcamedo
1316 1733 1417 1820 igitur

320 1857 391 1915 iocis
411 1848 444 1912 h.
459 1867 488 1913 e.
513 1868 587 1913 cum
609 1849 643 1914 in
665 1847 781 1913 mediis
807 1843 1000 1934 septenariis
1021 1855 1091 1910 tum
1104 1841 1294 1932 ubicunque
1308 1843 1417 1927 breuis

319 1967 369 2022 est
387 1979 448 2045 pro
469 1958 569 2045 longa
591 1952 729 2044 syllaba²
752 1967 788 2022 ut
809 1957 844 2021 in
867 1957 1021 2022 extremis
1044 1955 1192 2022 uersibus
1217 1954 1282 2018 arsi
1306 1953 1417 2018 tcr‘mi-

319 2065 412 2147 natis,
437 2066 543 2130 Varro
566 2066 644 2152 poni
667 2065 760 2131 iussit
782 2065 866 2132 hanc
885 2074 995 2131 notam
1012 2065 1200 2148 metricam’3
1224 2063 1265 2130 cf.
1279 2061 1322 2130 G.
1336 2060 1417 2126 Her·

320 2197 419 2240 mann
439 2175 460 2239 l.
477 2177 497 2240 l.
521 2200 552 2264 p.
566 2176 625 2240 149
639 2199 685 2263 aq.
709 2197 751 2240 ex
776 2171 902 2241 senario
925 2175 1063 2241 iambico
1087 2174 1188 2240 alium
1208 2193 1341 2238 uersum
1362 2195 1417 2236 na-

320 2283 365 2351 sci
386 2284 491 2349 uoluit
512 2285 567 2368 (ir.
582 2283 648 2368 76),
671 2307 767 2371 quern
779 2283 901 2350 Marius
915 2285 1042 2350 Plotius
1064 2305 1096 2372 p.
1108 2281 1172 2348 270
1182 2283 1225 2349 G.
1240 2305 1272 2370 p.
1284 2279 1368 2346 2642
1379 2279 1415 2346 P.

320 2394 494 2459 dimetrum
524 2390 695 2460 iambicum
727 2395 949 2460 catalecticum
974 2390 1232 2460 Anacreontium
1256 2390 1339 2455 dicit
1357 2389 1414 2476 (ci.

320 2500 419 2568 Serui
434 2502 614 2568 centimetr.
626 2523 658 2590 p.
670 2503 731 2568 366
745 2501 787 2570 G.
804 2527 835 2591 p.
846 2501 926 2567 1818
939 2503 973 2566 Ρ.
990 2503 1123 2568 Terent.
1136 2503 1240 2568 Maur.
1252 2500 1416 2584 biliosa).

320 2609 346 2677 si
368 2633 488 2676 nouum
511 2631 643 2676 carmen
665 2612 727 2678 hoc
739 2611 918 2677 Diomedes
934 2621 1101 2700 nuncupat
1116 2611 1151 2676 id
1170 2633 1236 2676 non
1251 2610 1292 2674 do
1313 2613 1418 2674 aetate

321 2741 385 2806 qua
407 2719 547 2806 primum
569 2741 607 2784 eo
631 2719 681 2784 usi
704 2720 768 2786 sint
783 2721 894 2786 ualere
914 2721 1011 2786 docet
1032 2720 1177 2810 priscum
1207 2740 1338 2784 carmen
1361 2741 1417 2804 po·

321 2829 611 2918 puiare'ui1·ginum
623 2831 844 2896 Bottiacarum
857 2827 957 2909 ἴωμεν
973 2829 1019 2902 εἰς
1028 2827 1168 2911 Ἀθήνας
1179 2829 1280 2914 (Plut.
1294 2837 1417 2917 quacst.

319 2959 370 3024 gr.
383 2938 424 3006 35
446 2935 486 3004 uf.
499 2935 667 3006 Rossbach
690 2964 721 3005 u.
736 2935 911 3029 Westphal
932 2941 954 3005 l.
979 2941 1000 3005 i.
1023 2960 1056 3028 p.
1072 2939 1148 3024 197)
1182 2949 1216 3004 et
1238 2933 1417 3008 Simonidis

320 3046 499 3128 ἐβὸμβησεν
526 3048 675 3109 &utalaae
698 3047 779 3134 (fal
798 3047 950 3136 Bergk),
974 3049 1032 3114 sed
1057 3069 1130 3114 cum
1150 3047 1328 3114 Ritschalio
1350 3048 1372 3113 l.
1394 3048 1417 3112 l.

321 3181 352 3244 p.
370 3157 411 3220 36
442 3154 574 3224 carmen
593 3158 738 3224 nondum
759 3169 1036 3225 conmemoratnm
1065 3156 1326 3245 intellegendum
1356 3167 1416 3222 est·

320 3285 474 3330 uersuum
497 3261 740 3354 compositorum
754 3293 772 3332 a
784 3268 934 3332 Varrone
949 3269 1196 3360 explanatorum
1210 3289 1309 3332 unum
1328 3277 1418 3333 extat

320 3373 507 3460 exemplum
520 3373 649 3460 (icil).
671 3375 912 3463 paroemiacum
926 3393 1000 3442 carm
1023 3375 1241 3464 ithyphallico
1262 3371 1413 3442 coniunc-

320 3490 389 3546 tum
414 3484 470 3566 (cf.
483 3483 652 3548 Hermann
676 3485 696 3550 l.
706 3485 728 3549 l.
740 3505 771 3572 p.
785 3485 856 3552 592.
878 3485 1044 3553 Rossbach
1060 3509 1091 3550 u.
1103 3485 1277 3572 Wcstphal
1297 3509 1328 3574 p.
1339 3485 1417 3565 358)

320 3589 571 3658 Archilochium
593 3602 733 3658 metrum
755 3593 838 3659 dixit
860 3596 917 3681 (ci.
939 3594 1034 3661 Seru.
1058 3605 1141 3660 caut.
1164 3617 1195 3682 p.
1215 3595 1278 3659 376
1291 3595 1333 3662 G.
1361 3594 1417 3659 ubi

319 3698 460 3785 pessime
483 3699 656 3767 Putschius
676 3723 708 3788 p.
728 3702 810 3768 1825
828 3723 830 3732 ’
836 3711 1029 3784 partheniam
1057 3725 1116 3791 pro
1136 3712 1325 3786 paroemiam
1348 3705 1416 3768 edi·
1479 3773 1483 3782 ,
1521 3713 1525 3724 ’

320 3805 392 3889 dii).
416 3808 479 3872 hae
499 3809 642 3897 'exiguae
674 3811 843 3897 relliquiae
871 3812 1096 3902 disputationis
1118 3811 1341 3880 Varronianus
1365 3839 1418 3880 su-

319 3917 505 4005 persunt1),
538 3941 601 4004 qua
630 3919 760 4006 singula
781 3943 933 3988 uersuum
956 3943 1078 4010 genera
1103 3921 1191 3988 haud
1213 3922 1324 4010 paucis
1348 3923 1418 3989 sine

316 4138 319 4143 -
370 4143 373 4149 Ι
419 4060 447 4126 1)
466 4060 529 4114 Non
547 4060 760 4131 inprobabiliter
778 4062 890 4132 quidem
907 4063 1077 4120 Ritschelius
1096 4067 1113 4120 l.
1132 4067 1150 4119 l.
1169 4084 1196 4135 p.
1209 4065 1244 4120 36
1261 4065 1419 4135 supinatus

321 4160 365 4210 est
381 4157 464 4225 plura
483 4157 647 4212 Diomedem
665 4158 694 4212 in
712 4158 803 4228 capita
822 4160 856 4216 de
875 4178 1006 4214 uersuum
1025 4162 1174 4232 generibus
1191 4163 1281 4232 poet
1295 4179 1335 4231 sq.
1350 4161 1419 4216 Var-

317 4252 380 4306 roni
399 4252 511 4320 debere,
542 4253 591 4308 sed
618 4254 772 4310 rationibus
798 4258 1040 4327 supraexposilis
1058 4259 1206 4314 obsecutus
1230 4259 1260 4314 iu
1282 4258 1322 4314 eis
1344 4277 1418 4328 quse

320 4349 453 4417 conposui
472 4349 626 4417 acquiesco.
