3126 5146
820 459 858 516 72

286 634 438 720 exemplo
459 631 547 720 quod
556 631 740 698 Varronem
752 631 907 698 adtulisse
920 632 1097 700 Diomedes
1113 642 1250 700 testatur
1260 635 1316 717 (fr.
1332 633 1387 718 76)

287 744 384 808 etiam
407 741 442 808 in
464 741 611 827 spondeo
633 741 778 807 seeundo
801 742 871 806 loeo
894 742 1000 829 posito
1025 743 1180 810 eonu'enit
1203 745 1261 823 (ef.
1286 743 1324 810 C.
1348 743 1386 812 Ia

286 851 470 922 Schneider
491 852 548 916 lat.
570 873 708 938 gramm.
730 851 779 915 11
805 873 836 937 p.
848 851 935 935 683).
1049 859 1052 866 '

364 959 458 1048 ¹Hoc
479 982 559 1026 uero
581 968 775 1045 argumento
798 959 960 1026 subtiliter
987 969 1137 1046 tractato,
1170 962 1249 1028 satis
1277 963 1386 1050 amplo

289 1071 438 1157 profesto
460 1080 493 1135 et
514 1069 672 1157 inpedito,
685 1069 868 1136 Varronem
890 1079 995 1136 totum
1018 1071 1135 1136 librum
1161 1081 1311 1157 quartum
1333 1091 1388 1136 ex·

292 1178 435 1266 plenisee
458 1179 608 1245 arbitror.
638 1178 816 1246 accedebat
849 1188 956 1246 autern
986 1181 1019 1246 ni
1048 1181 1264 1246 uehementer
1293 1181 1389 1246 fallor

174 1331 176 1336 ·
289 1292 387 1358 aliud.
413 1315 480 1358 non
504 1303 573 1358 erat
596 1293 693 1377 enim,
714 1316 772 1357 eur
792 1293 824 1358 in
848 1315 949 1381 opere
967 1293 1008 1358 de
1023 1315 1175 1360 sermone
1190 1293 1302 1375 latino,
1321 1316 1384 1378 quo

290 1411 355 1466 tam
377 1411 526 1468 aoeurate
547 1411 718 1489 poetarum
737 1412 840 1468 metra
868 1402 1061 1489 scriptorem
1088 1402 1278 1468 inlustrasse
1306 1402 1388 1467 uidia

288 1535 374 1594 mus,
396 1511 521 1576 solutae
546 1510 697 1576 orationis
719 1533 873 1576 numeros
896 1512 1099 1598 neglegeret.
1128 1512 1164 1578 in
1189 1512 1305 1596 quibus
1330 1517 1386 1576 e'x·

290 1619 449 1710 plieandis
466 1620 616 1706 antiquos
637 1621 724 1686 haud
746 1621 960 1688 mediocriter
981 1631 1128 1688 uersetos
1151 1643 1222 1688 esse
1251 1629 1285 1687 et
1312 1621 1389 1687 inde

290 1756 310 1796 a
329 1729 548 1819 sophistarum
570 1730 711 1818 Hippiae
736 1739 768 1796 et
791 1731 938 1818 Gorgiae
966 1731 1166 1819 temporibus
1197 1730 1388 1819 praesertim

252 1847 255 1852 '
290 1841 345 1928 qui
368 1840 409 1906 de
431 1850 501 1904 arte
527 1840 658 1906 dicendi
677 1829 881 1928 seripserunt
902 1839 978 1904 hnio
1000 1839 1166 1906 doetrinae
1185 1861 1319 1926 operam
1332 1838 1386 1904 de·

289 1949 376 2016 disse
400 1957 512 2013 notum
535 1957 584 2013 est
598 1948 655 2032 (ei.
668 1948 806 2014 Aristot.
817 1947 901 2014 rhet.
911 1947 964 2014 ΠΙ
977 1948 1007 2012 8.
1031 1945 1098 2015 Oio.
1112 1956 1190 2014 orat.
1202 1948 1254 2032 41,
1269 1948 1329 2013 140
1340 1970 1388 2032 sq.

291 2056 402 2140 Quint.
423 2056 496 2122 inst.
522 2065 601 2121 orat.
611 2055 715 2120 VIIII
727 2055 757 2138 4,
770 2056 814 2121 45
826 2078 873 2140 sq.
896 2055 933 2120 Ε.
950 2057 994 2122 M.
1006 2056 1100 2144 (lopo
1118 2059 1277 2142 journ.of
1295 2057 1387 2122 elasa.

294 2193 322 2232 a.
345 2189 425 2233 saer.
450 2164 564 2254 philol.
587 2165 640 2230 HI
660 2189 694 2253 p.
708 2165 747 2230 51
760 2169 832 2252 sq-l.
859 2165 1043 2232 Varronem
1065 2175 1172 2232 autem
1194 2189 1260 2232 non
1280 2165 1388 2232 solum

291 2276 369 2341 talia
400 2266 522 2364 scripta
549 2285 586 2340 ut
609 2274 732 2362 Ephori
764 2273 839 2354 περὶ
858 2273 972 2348 λέξεως
994 2285 1027 2340 et
1047 2275 1264 2364 Theophrasti
1286 2275 1386 2340 libros

291 2386 323 2450 in
345 2385 462 2470 quihus
484 2406 600 2472 prosae
621 2407 774 2450 numeros
798 2393 993 2450 tractauerat
1007 2385 1063 2468 (ef.
1077 2406 1174 2472 supra
1185 2409 1216 2474 p.
1226 2385 1277 2452 61.
1300 2385 1386 2452 Mox.

291 2493 442 2562 Schmidt
463 2495 486 2560 l.
511 2495 532 2558 l.
554 2519 585 2583 p.
603 2494 720 2582 lbsq.)
749 2495 783 2559 in
804 2495 866 2560 hoe
887 2516 986 2582 opere
1010 2493 1246 2560 conscribendo
1271 2515 1385 2562 eonsu-

291 2604 391 2671 luisse
415 2627 514 2692 supra
537 2604 689 2687 uidimus,
714 2627 830 2670 uerum
854 2607 951 2671 etiam
981 2604 1089 2692 ipsum
1116 2627 1198 2692 opus
1219 2604 1289 2670 siue
1314 2604 1387 2668 titu-

291 2717 360 2782 lum
382 2721 564 2803 speetamus
580 2714 656 2778 'siue
678 2721 907 2799 argumentum
930 2712 1105 2777 admodum
1128 2711 1233 2778 simile
1257 2722 1289 2778 et
1313 2735 1387 2799 pro·

294 2824 454 2912 pinquum
475 2832 524 2888 est
548 2823 594 2889 eis
616 2822 721 2901 libris,
743 2823 798 2908 qui
821 2821 895 2901 napi
915 2824 1028 2896 λέξεως
1048 2821 1195 2908 inseripti
1215 2823 1294 2888 artis
1315 2823 1387 2890 rhe-

227 2985 229 2990 2
296 2933 416 3000 torioae
438 2943 564 3022 partem
588 2933 629 2998 de
650 2932 837 2998 elocutione
858 2933 915 3016 (ef.
938 2931 975 2996 L.
988 2931 1138 3018 Spengel
1156 2933 1233 2998 neb.
1253 2932 1284 2996 d.
1303 2931 1389 2998 stud.

295 3045 326 3109 d.
343 3041 490 3108 rhetorik
515 3044 544 3107 b.
559 3041 589 3108 d.
602 3042 656 3107 alt.
682 3065 712 3130 p.
725 3041 779 3120 26)
805 3041 965 3108 docebant
987 3042 1042 3122 (ef.
1054 3040 1093 3106 Ε.
1105 3040 1209 3106 Meier
1227 3063 1338 3127 opusc.
1355 3041 1389 3106 II

295 3177 327 3241 p.
344 3152 393 3217 18.
424 3150 708 3218 G.Westormann
730 3151 843 3236 gesoh.
865 3149 895 3214 d.
918 3149 1045 3214 bereds.
1067 3150 1086 3216 1
1108 3173 1139 3237 p.
1154 3150 1222 3214 138.
1238 3150 1321 3232 171).
1357 3149 1391 3214 in

296 3260 413 3347 quibus
444 3281 519 3323 eum
541 3259 695 3325 orationis
716 3258 840 3324 solutae
869 3280 1022 3324 numeros
1048 3280 1216 3345 exponere
1248 3259 1393 3324 solerent

296 3391 338 3434 ex
356 3368 541 3453 argumenti
562 3368 716 3433 simillimi
739 3367 851 3432 indole
873 3367 1096 3434 idVarronam
1122 3387 1252 3456 quoque
1274 3367 1393 3434 fecisse

295 3477 463 3566 probabile
480 3487 568 3542 est..
599 3476 731 3563 grauius
752 3486 861 3542 autem
882 3487 941 3560 est,
971 3478 1058 3563 quod
1085 3477 1125 3542 ab
1149 3498 1248 3566 opere
1271 3477 1306 3542 in
1329 3497 1393 3562 qno

295 3587 369 3674 puri
392 3586 551 3652 sermonis
575 3596 746 3674 praecepte
770 3587 877 3652 danda
900 3597 993 3653 erant
1015 3609 1130 3674 prosae
1152 3587 1291 3671 numeri,
1313 3609 1392 3674 quo·

294 3719 366 3762 rum
389 3695 522 3764 seientia
542 3695 717 3780 unicuique
738 3697 869 3784 publiee
885 3696 1007 3762 dicenti
1023 3696 1207 3774 necessaria
1223 3706 1304 3782 erat,
1325 3719 1393 3764 uon

293 3805 400 3892 magis
423 3805 520 3869 alieni
544 3815 636 3870 erant
660 3827 756 3890 quam
779 3814 946 3898 poetarum
969 3816 1081 3872 metra.
1104 3808 1184 3872 haee
1200 3806 1303 3892 igitur
1320 3831 1393 3874 eum

294 3940 313 3980 a
337 3916 488 3980 Varrone
510 3925 647 3980 tractata
667 3937 738 3982 esse
761 3915 911 4001 sciamus,
933 3917 974 3982 de
996 3917 1061 3982 illis
1082 3915 1159 3982 satis
1181 3917 1394 4004 probabiliter

294 4026 381 4091 idem
411 4025 580 4112 conligere
612 4047 793 4113 possumus.
837 4027 1022 4092 testimonia
1044 4034 1134 4091 certa
1163 4035 1196 4091 et
1224 4027 1394 4092 manifesta

295 4134 389 4200 huius
412 4133 460 4198 rei
481 4157 549 4218 non
569 4135 712 4222 repperi.
734 4145 920 4203 nouantem
940 4135 1179 4212 inconsiderate
1193 4135 1392 4202 contendere

296 4242 374 4308 mibi
396 4239 512 4310 uideor
532 4242 668 4308 alienius
691 4244 844 4310 momenti
861 4244 895 4310 in
914 4245 975 4310 hae
991 4245 1183 4333 quaestione
1202 4267 1273 4311 esse
1285 4244 1393 4312 Rufini

295 4352 407 4416 laeam
430 4351 485 4437 qui
517 4351 550 4415 in
581 4352 692 4418 libello
722 4352 768 4418 de
787 4354 913 4420 metris
938 4364 1103 4420 oratorum
1134 4352 1337 4420 eOieerone
1360 4364 1393 4418 et
