3152 5142
702 495 741 553 59

170 691 281 757 peram
305 671 579 738 Vindoboncnses
602 671 684 736 haec
712 671 747 737 in
777 670 841 738 duo
866 672 1033 736 enuntiata
1054 669 1269 759 discerpsisse

171 781 326 846 uiderunt
347 781 440 846 Weil
463 791 495 846 et
516 781 672 847 Benloew
691 784 712 848 l.
734 782 755 850 l.
777 803 810 870 p.
824 782 874 866 10,
906 781 965 847 sed
988 780 1066 868 quid
1085 780 1184 845 lateat
1207 778 1266 845 snb

167 889 317 955 istamiua
333 890 387 954 uel
409 890 557 972 stamina,
580 911 663 975 quae
686 893 840 977 frequens
856 891 1020 976 corruptio
1043 899 1104 974 est,
1123 911 1189 954 non
1210 887 1266 952 ad·

171 999 274 1065 secuti
298 1009 383 1064 sunt.
403 999 483 1067 mibi
504 1021 571 1064 non
593 999 726 1066 dubium
748 999 889 1084 uidetur,
912 999 991 1087 quin
1012 997 1200 1065 discrimina
1218 1020 1268 1064 so·

137 1130 145 1163 ³
167 1129 284 1175 norum
308 1109 341 1174 iu
364 1131 446 1176 uoce
466 1109 608 1174 humana
630 1109 822 1195 quibuscum
845 1109 974 1197 singula
990 1109 1088 1174 tibiae
1109 1107 1269 1174 foramina

169 1239 332 1306 sonosque
355 1239 415 1306 per
435 1238 474 1282 ea
496 1217 633 1283 emissos
652 1217 889 1304 conparauerit,
904 1217 958 1282 hic
972 1216 1186 1305 significanda
1198 1216 1266 1282 fuc-

169 1328 246 1411 rint,
269 1345 352 1413 quae
381 1349 440 1392 nos
472 1326 607 1392 dicimus
632 1333 785 1394 intervalla
812 1325 868 1411 (cf.
889 1325 1037 1392 Aristox.
1059 1326 1082 1391 l.
1103 1326 1125 1392 l.
1147 1349 1180 1414 p.
1201 1324 1267 1411 lb),

167 1437 309 1523 ideoque
338 1437 488 1525 suspicor
518 1458 633 1500 uocem
655 1457 805 1523 graecam
829 1432 1041 1520 διαστήματα,
1073 1457 1170 1520 quam
1201 1457 1268 1502 non

167 1544 273 1633 magis
291 1545 455 1610 intellexit
469 1545 621 1611 librarius
642 1567 738 1632 quam
755 1546 863 1610 omnia
874 1567 1002 1632 graeca
1023 1545 1070 1610 ita
1080 1555 1268 1631 corruptam

168 1675 250 1721 esse.
295 1653 436 1741 denique
458 1654 499 1720 de
523 1654 608 1720 uotis
631 1664 664 1720 ot
688 1655 803 1720 ordine
823 1663 1015 1720 accentuum
1028 1653 1133 1720 Varro
1158 1654 1267 1742 dispu-

167 1761 257 1829 tauit.
301 1763 388 1852 quod
423 1774 531 1830 autem
555 1763 771 1851 supraposui
795 1764 979 1830 Varronem
1010 1786 1076 1830 non
1099 1764 1204 1829 solum
1226 1763 1267 1828 de

168 1873 355 1938 accentibus
380 1875 498 1960 egisse,
521 1896 637 1939 uerum
661 1874 759 1938 ctiam
790 1873 832 1938 (16
855 1873 971 1960 spiritu
1001 1884 1034 1938 ct
1066 1872 1268 1960 syllabarum

167 1963 431 2069 longitudine'et
455 1982 624 2064 breuitate,
656 1981 690 2047 a
721 1982 995 2048 extramurani
1019 1981 1267 2051 seraranan-

166 2093 315 2158 firmatur
336 2092 506 2180 particula,
538 2115 601 2179 qua
629 2092 670 2156 de
702 2091 909 2179 longitudine
934 2092 1135 2177 syllabarum
1157 2093 1263 2170 diuer-

168 2202 277 2290 sisque
300 2203 511 2267 metricorum
534 2211 567 2268 et
581 2202 842 2288 rhythmicorum
854 2202 1035 2268 rationibus
1049 2201 1105 2287 (of.
1119 2203 1160 2268 A.
1170 2203 1266 2269 Ross-

167 2311 249 2376 bach
270 2311 395 2399 griech.
419 2312 563 2398 rhythm.
587 2335 619 2400 p.
634 2311 686 2395 18)
710 2333 784 2377 eum
807 2311 991 2399 disputasse
1014 2312 1180 2378 docemur.

264 2420 453 2506 Antequam
477 2411 662 2509 quaerimus
689 2444 752 2509 quo
780 2423 814 2486 in
845 2421 930 2487 libro
962 2422 1020 2488 has
1048 2444 1101 2490 res
1122 2423 1264 2512 scriptor

167 2540 358 2616 persecutus
380 2530 430 2612 sit,
451 2554 554 2619 pauca
577 2531 618 2596 de
642 2532 711 2598 eius
736 2533 921 2600 auctoribus
948 2541 980 2598 et
1007 2542 1119 2598 nostro
1143 2532 1264 2600 Varro·

165 2637 281 2702 nianae
305 2637 471 2702 doetrinae
495 2647 627 2704 auctore
649 2638 886 2725 interponenda
899 2648 983 2706 sunt.
1005 2663 1082 2705 usus
1098 2648 1147 2704 est
1155 2639 1262 2704 Varro

166 2745 386 2833 Tyrannionis
399 2747 424 2831 ¹)
449 2747 544 2831 libro,
565 2769 662 2834 quem
690 2749 773 2813 hanc
788 2757 920 2814 tenuem
942 2747 1085 2828 θεωρίαν
1110 2757 1265 2814 tractasse

167 2875 184 2919 e
207 2851 377 2921 Ciceronis
400 2855 538 2941 epistula
560 2857 600 2921 ad
623 2855 770 2922 Atticum
793 2855 863 2922 ΧΠ
879 2856 942 2942 6,2
965 2867 1079 2922 notum
1104 2866 1186 2939 erat3
1208 2857 1265 2922 mi·

166 2987 225 3029 nus
248 2973 374 3029 certum
396 2963 528 3030 uidebar
557 2989 634 3031 num
667 2967 726 3032 has
751 2966 956 3054 quaestiones
990 2966 1030 3031 (16
1054 2964 1264 3052 generalibus

166 3071 391 3161 prosodiarum
404 3072 535 3160 legibus
554 3074 589 3140 in
602 3075 686 3141 libro
708 3074 782 3154 περὶ
803 3075 857 3156 τῆς
875 3069 1047 3157 Ὁμηρικῆς
1069 3074 1263 3158 προσῳδίας,

166 3192 254 3254 recte
283 3183 325 3248 ad
357 3183 514 3250 maiorem
539 3185 785 3272 Tyrannionem
808 3187 910 3252 relato
934 3186 974 3251 ab
994 3183 1038 3252 H.
1060 3185 1202 3250 Planero
1223 3185 1264 3252 de

165 3291 309 3378 Tyranu.
330 3314 467 3378 gramm.
490 3317 522 3382 p.
536 3293 565 3376 7,
594 3295 794 3380 exposuerit.
838 3295 934 3362 huius
962 3316 1045 3376 *uero
1070 3293 1264 3360 senteutiam

168 3400 208 3467 de
231 3411 385 3490 quattuor
408 3403 570 3488 prosodiis
596 3427 669 3471 oum
692 3427 783 3470 suam
804 3404 931 3489 fecerit,
963 3426 1030 3468 non
1056 3403 1263 3492 inprobabile

168 3521 217 3578 est
240 3533 313 3576 eum
337 3535 379 3578 cx
401 3512 517 3578 eodem
538 3514 624 3578 libro
650 3515 732 3578 baec
758 3513 817 3578 illa
842 3513 883 3579 de
905 3514 1051 3602 priorum
1075 3513 1264 3597 grammati·

166 3642 276 3685 corum
298 3622 427 3710 placitis
449 3624 624 3710 accepisse.
648 3643 690 3688 ex
708 3623 760 3689 bis
781 3624 966 3689 auctoribus
981 3645 1048 3688 non
1064 3622 1168 3708 magis
1187 3643 1263 3686 con-

167 3739 229 3795 stat
257 3730 298 3795 de
326 3729 488 3818 Dionysio
516 3730 674 3820 Olympio
705 3755 801 3818 quam
834 3733 874 3798 de
899 3733 1095 3822 Epicharmo
1122 3732 1261 3819 Syracu·

168 3909 371 3922 ψ-ω--α-ῌ-

264 4000 292 4066 1)
311 3999 496 4056 obturbantem
508 4001 886 4070 SuidasdeTyrannionibna
899 4002 1021 4071 glossam
1032 4001 1111 4056 cl.W.
1119 4000 1262 4054 Drumann

166 4094 254 4162 geeoh
274 4094 359 4149 Roma
373 4097 399 4151 V
419 4116 446 4166 p.
458 4097 501 4152 85.
521 4098 542 4151 I.
555 4099 765 4152 Hasenmueller
782 4098 816 4151 de
835 4097 978 4152 Strabonis
998 4115 1092 4166 geogr.
1114 4097 1174 4150 uita
1192 4115 1219 4165 p.
1227 4097 1263 4150 23

166 4207 204 4258 sq.
221 4190 243 4244 1.
254 4191 376 4261 Beruays
396 4193 422 4246 d.
442 4194 551 4265 dialogo
570 4196 618 4250 des
638 4197 754 4250 Aristot.
776 4215 802 4266 p.
815 4197 857 4250 31.
872 4197 928 4251 150.
951 4213 1014 4251 cum
1032 4214 1101 4250 uero
1120 4196 1262 4250 Ciceronis

167 4285 283 4354 epistula
297 4305 320 4341 a.
331 4307 358 4342 u.
369 4289 506 4344 mecvm
517 4292 623 4361 scripta
640 4293 678 4346 sit
695 4292 740 4359 (cf.
751 4292 780 4345 F.
788 4292 831 4346 W.
840 4292 956 4346 Fischer
966 4310 1051 4346 roem.
1062 4291 1138 4346 zeitt.
1148 4310 1173 4361 p.
1184 4291 1262 4360 297),

167 4383 233 4436 male
253 4384 378 4438 correxit
397 4385 509 4440 Suidam
529 4387 566 4440 M.
585 4387 711 4442 Schmidt
731 4387 867 4458 Philolog.
888 4388 937 4442 Vll
957 4406 983 4459 p.
1000 4387 1060 4444 365.
