3126 5146
736 511 775 569 89

206 687 371 780 scribendi
404 687 485 753 ratio
508 711 527 750 a
550 685 692 752 Caesare
723 686 870 751 instituta
902 693 1080 772 posteaque
1109 685 1303 772 peruulgata

207 797 404 862 conmemori
428 797 581 884 potuerit,
603 807 657 860 aut
681 804 817 884 propter
831 795 911 859 alias
927 793 1068 860 rationes
1080 794 1114 858 in
1126 795 1188 860 bac
1205 817 1300 879 quae·

204 907 310 972 stione
329 906 538 994 neglegenda
561 917 645 971 sunt.
669 927 744 972 nam
760 905 836 969 libri
854 904 894 969 de
908 903 1099 991 antiquitate
1116 904 1299 969 litterarum

203 1017 317 1103 primis
339 1017 516 1082 iuuentutis
540 1017 632 1081 aunis
654 1041 672 1081 a
695 1015 851 1101 scriptore
876 1013 953 1080 editi
977 1023 1061 1098 sunt,
1092 1013 1168 1080 libri
1190 1023 1298 1080 autem

205 1124 245 1189 de
269 1126 396 1212 origine
427 1127 559 1212 linguae
590 1126 710 1191 latinae
737 1135 774 1192 ut
802 1126 935 1191 uidetur
955 1125 996 1191 ad
1020 1124 1079 1191 On.
1106 1126 1301 1212 Pompeium

186 1235 293 1300 ‘missi
314 1236 453 1324 ideoque
476 1245 530 1302 aut
550 1245 723 1323 antequam
743 1236 820 1302 talia
842 1226 1009 1302 continere
1028 1243 1204 1322 potuerunt
1226 1257 1301 1300 con·

203 1345 316 1434 scripti
340 1353 395 1410 aut
417 1344 443 1410 si
467 1344 699 1433 posterioribus
720 1344 922 1433 temporibus
946 1345 1106 1432 conpositi
1128 1354 1211 1428 sunt,
1236 1367 1302 1412 non

204 1457 389 1522 debuerunt
409 1454 485 1520 talia
509 1454 688 1538 continere,
720 1455 892 1540 inquibus
918 1453 1092 1543 Pompeius
1115 1456 1231 1521 merito
1254 1455 1300 1520 of·

203 1565 386 1632 [(ιιιᾶἰειιει,Ι
414 1564 555 1648 denique
585 1586 627 1628 ex
658 1564 742 1630 libro
770 1565 810 1630 de
839 1565 1048 1651 grammatica
1073 1565 1153 1630 baec
1174 1575 1302 1652 sumpta

203 1663 269 1740 non
292 1693 364 1739 esse
387 1673 631 1758 demonstrauit,
662 1673 689 1739 si
717 1683 887 1761 praeterea
915 1695 1112 1761 consensuro
1134 1673 1227 1738 illum
1250 1697 1300 1739 or·
1352 1715 1360 1725 -

203 1783 494 1872 tlrograpbieorum
522 1784 670 1871 respicis,
700 1782 898 1850 Ritscbelius
926 1790 1048 1868 quaest.
1072 1782 1169 1848 Varr.
1194 1805 1226 1869 p.
1247 1783 1300 1848 23.

202 1902 337 1976 restant,
370 1911 445 1956 nam
474 1892 515 1958 de
545 1893 639 1958 libris
671 1892 712 1958 de
744 1891 857 1979 lingua
883 1891 984 1957 latina
1010 1913 1106 1957 nemo
1131 1891 1300 1976 cogitabit,

201 2000 305 2068 nostri
324 2000 401 2066 libri
421 2023 493 2066 oum
512 2021 649 2086 quorum
665 2009 858 2087 argumento
873 1999 953 2066 haec
965 2000 1086 2088 optime
1098 1999 1300 2067 conueniunt

204 2120 237 2175 et
260 2110 313 2196 qui
335 2131 373 2176 eo
393 2120 541 2198 tempore
552 2111 673 2199 ‘scripti
693 2121 778 2192 suut,
795 2131 858 2195 quo
871 2109 944 2175 talis
957 2110 1197 2176 consuetudinis
1210 2132 1300 2176 men·

202 2219 391 2285 donemini
414 2220 495 2285 mua
514 2219 571 2286 uel
591 2221 777 2286 temerarie·
792 2220 875 2285 iacta
903 2218 1079 2285 uidebitur.
1125 2220 1176 2286 his
1199 2220 1302 2309 igitur

203 2329 311 2394 omnia
333 2351 415 2415 quae
436 2329 533 2394 modo
555 2329 711 2418 conposui
737 2328 874 2417 adsigno
898 2351 1001 2416 eaque
1022 2330 1108 2396 inter
1124 2331 1225 2397 libros
1238 2331 1301 2397 dia-

203 2438 352 2523 tribuam,
375 2449 473 2526 prout
492 2439 696 2526 singulorum
720 2450 913 2527 argumenta
936 2462 1017 2528 quae
1037 2461 1135 2529 supra
1156 2440 1301 2509 stabilire

204 2549 309 2614 studui
325 2549 508 2634 'postulant

301 2659 460 2746 Incipiam
472 2659 514 2725 ab
528 2659 576 2724 eis
589 2680 673 2746 quae
688 2658 730 2723 ad
752 2659 908 2725 librum
930 2661 998 2749 pri
1009 2679 1114 2724 mum
1135 2658 1301 2746 pertinere

201 2767 366 2834 uidentur.
410 2777 523 2833 notum
552 2778 602 2832 est
625 2767 855 2854 grammaticos
877 2769 995 2834 latinos
1019 2769 1157 2834 multum
1176 2767 1302 2857 quaesi-

201 2877 289 2944 uiase
311 2876 353 2942 de
375 2877 513 2944 diuersis
534 2879 553 2944 I
573 2876 702 2942 litterae
735 2878 822 2944 sonis
854 2877 1025 2965 uariasque
1039 2944 1041 2948 ,
1056 2879 1198 2944 rationes
1222 2900 1300 2966 quo-

201 2985 298 3050 modo
313 2985 394 3050 hacc
405 2985 590 3051 discrimina
603 2985 744 3052 notanda
756 2997 864 3052 essent
876 2989 1081 3074 excogitasse
1094 2987 1150 3072 (cf.
1163 2985 1300 3054 Schnei-

202 3095 262 3168 der
271 3093 326 3160 lat.
339 3095 506 3182 gramm.l
523 3097 585 3182 lp.
598 3096 646 3161 19.
658 3097 700 3162 63
713 3117 761 3182 sq.
785 3097 841 3162 W.
855 3097 1000 3164 Gorssen
1015 3120 1138 3183 ausspr.
1149 3098 1251 3162 uocal.
1269 3120 1302 3161 ιι.

201 3204 336 3292 betong.
357 3205 388 3269 d.
415 3205 471 3270 lat.
493 3207 512 3272 I
534 3229 566 3293 p.
580 3207 640 3270 142
655 3229 702 3292 aq.
735 3207 862 3274 Ritschl
883 3231 958 3274 nou.
978 3231 1058 3273 mus.
1078 3209 1171 3273 rhen.
1195 3206 1301 3274 Xllll

201 3339 233 3403 p.
246 3315 318 3382 298.
335 3315 397 3380 378
411 3337 459 3400 sq.
497 3313 540 3383 G.
553 3315 698 3384 Schmitz
721 3318 826 3383 studia
849 3319 997 3406 orthoep.
1021 3326 1053 3382 et
1074 3318 1222 3403 orthogr.
1245 3318 1300 3382 lat.

133 3479 156 3493 ..
201 3425 219 3489 Ι
239 3445 272 3511 p.
285 3426 314 3492 6.
339 3425 378 3489 13
396 3426 471 3512 sq.).
507 3426 653 3491 breuiter
675 3451 835 3493 summam
855 3429 904 3492 rei
930 3427 1168 3515 conprehendit
1190 3448 1300 3510 quam·

203 3557 298 3620 quam
321 3555 389 3598 uon
419 3533 594 3600 admodum
627 3545 722 3600 acute
754 3535 901 3602 diuersas
931 3559 984 3600 res
1015 3537 1164 3603 confudit
1184 3537 1299 3601 Velius

200 3642 337 3729 Longus
360 3645 402 3729 (p.
413 3643 532 3726 ualet:
555 3644 583 3709 ‘I
604 3667 683 3710 uero
706 3646 814 3710 littera
830 3644 994 3710 interdum
1009 3645 1103 3710 exilis
1119 3653 1178 3725 est,
1200 3645 1298 3710 iuter-

203 3751 279 3817 dum
302 3752 447 3841 pinguis,
474 3764 510 3818 ut
531 3755 566 3818 in
586 3776 624 3819 eo
650 3755 736 3839 quod
756 3763 810 3820 'est
829 3763 933 3836 prodit
953 3764 1045 3821 utamt
1063 3761 1161 3820 condit
1184 3754 1300 3821 exilius

200 3863 277 3927 uolo
300 3884 427 3949 sonare,
461 3863 494 3928 in
527 3885 565 3929 eo
596 3885 675 3927 uero
706 3865 792 3950 quod
820 3865 1023 3950 significatur
1042 3873 1166 3944 prodire
1185 3872 1298 3930 ciramea

201 3979 320 4039 condire
331 3995 433 4061 aeque
445 3997 547 4062 usque
560 3975 755 4062 pinguescit.
773 3983 809 4038 ut
818 3975 882 4038 iam
891 3974 923 4039 in
936 3973 1182 4060 ambiguitatem
1196 3973 1298 4058 cadat,

201 4091 308 4148 utrum
330 4083 418 4172 perI
432 4083 591 4172 quaedam
606 4085 746 4150 debeant
760 4085 969 4168 (habeautP.)
982 4083 1044 4149 dici
1067 4109 1106 4152 an
1128 4106 1189 4172 per
1198 4083 1241 4169 V,
1263 4096 1300 4150 ut

202 4199 250 4256 est
271 4201 400 4272 optamus
418 4202 571 4260 mammas.
601 4194 773 4279 inquibus
797 4195 1016 4260 adnotandum
1040 4195 1208 4281 antiquum
1232 4216 1299 4266 ser·

200 4321 331 4366 monem
351 4301 509 4388 plenioris
531 4325 630 4370 sonus
650 4301 750 4368 fuisse
771 4313 803 4367 et
824 4313 861 4369 ut
878 4303 923 4368 ait
946 4303 1064 4370 Cicero
1085 4302 1298 4390 rusticanum,

204 4417 299 4493 atque
319 4407 383 4482 illis
408 4411 477 4474 iere
500 4410 661 4496 placuisse
682 4432 742 4496 per
753 4411 783 4474 V
796 4411 873 4475 talia
897 4411 1039 4476 scribere
1065 4421 1097 4477 et
1116 4412 1299 4480 enuntiaret
