3126 5146
822 481 882 538 166

402 651 466 718 llis
488 653 634 722 breuiter
656 653 838 722 constitutis
853 656 999 744 singulas
1015 667 1125 746 partes
1141 658 1401 729 consideremus.

303 784 380 826 num
401 772 476 830 sunt
497 761 621 852 primae
642 763 736 847 duae,
755 787 822 832 una
841 764 883 832 de
904 765 956 832 bis
978 788 1060 856 quae
1081 765 1275 854 simpliciter
1288 768 1401 836 dicun·

303 880 357 938 tur
378 871 435 937 ubi
459 881 509 939 est
529 872 622 958 quasi
646 874 782 940 materia
804 874 1007 959 dialecticae,
1037 877 1140 943 altera
1170 875 1212 944 de
1240 877 1292 946 his
1318 901 1401 968 qnae

304 981 475 1048 coniuncta
497 981 657 1067 dicuutur,
677 983 734 1048 ubi
755 982 820 1048 iem
842 984 933 1072 quasi
958 1006 1040 1072 opus
1060 995 1205 1076 apparet.
1251 1009 1334 1074 quae
1358 989 1400 1056 do

304 1089 508 1179 simplicibus
541 1102 591 1160 est
614 1101 759 1186 consur,
781 1092 822 1158 de
846 1093 1025 1180 loquendo.
1068 1095 1127 1162 illa
1148 1117 1228 1164 uero
1253 1119 1336 1185 queo
1351 1098 1431 1168 'deo

306 1200 486 1270 coniunctis
509 1209 568 1286 cst,
589 1201 712 1268 intres
733 1210 842 1290 partes
865 1201 1030 1276 diuiditur.
1053 1214 1201 1292 separata
1222 1206 1310 1272 enim
1326 1214 1400 1276 con·

304 1308 471 1376 iunctione
490 1311 667 1377 uerborum
692 1331 775 1396 quas
794 1333 862 1378 non
882 1312 999 1400 implet
1017 1315 1223 1400 sententiam,
1245 1315 1305 1382 illa
1319 1337 1402 1404 quae

287 1411 354 1489 'sio
375 1423 491 1511 implet
513 1423 719 1506 sententiam,
750 1434 787 1490 ut
811 1423 959 1490 nondum
978 1424 1079 1490 faciat
1100 1423 1324 1512 quaestionem
1347 1425 1403 1492 uel

306 1531 541 1620 disputatorem
553 1532 708 1620 requirat,
729 1541 864 1600 uocatur
885 1533 927 1599 de
948 1533 1144 1619 eloquendo.
1171 1533 1228 1600 illa
1248 1556 1331 1622 quae
1353 1533 1400 1600 sic

305 1641 421 1730 implet
441 1643 647 1729 sententiam,
679 1652 716 1708 ut
744 1643 785 1708 de
814 1643 985 1709 sententiis
1007 1642 1207 1731 simplicibus
1228 1643 1403 1729 iudicetur,
1415 1657 1451 1714 10

306 1761 442 1818 uocatur
461 1753 502 1818 de
523 1753 761 1841 proloquendo.
783 1752 841 1818 illa
865 1775 947 1841 quae
970 1753 1017 1819 sic
1039 1753 1308 1842 compraehendit
1330 1775 1401 1820 sen·

306 1861 452 1947 tentiam,
484 1869 520 1928 ut
545 1863 586 1928 de
619 1862 691 1951 ipsa
723 1863 823 1928 etiam
857 1863 1064 1951 copulatione
1093 1861 1268 1950 iudicetur,
1300 1862 1405 1929 donec

306 1970 517 2058 perueniatur
536 1971 577 2037 ad
597 1994 757 2040 summum
776 1981 916 2040 uocatur
936 1969 978 2039 do
998 1971 1246 2060 proloquiorum
1266 1956 1404 2040 summa.

794 2132 915 2200 XVIII

194 2307 198 2320 ,
271 2243 309 2307 33
407 2241 534 2326 Quibus
549 2265 610 2308 nos
633 2241 669 2310 in
686 2239 749 2310 boc
770 2242 853 2310 libro
874 2239 1013 2334 proinde
1035 2246 1071 2308 ut
1091 2237 1315 2310 nihilintersit
1331 2247 1448 2308 ute-15

312 2371 387 2417 mur
405 2351 698 2419 indiscriminatim.

308 2525 362 2584 que
379 2513 540 2568 consistunt
558 2528 608 2568 sex
627 2527 752 2579 normae,
772 2513 833 2584 quie
852 2513 984 2568 constant
1002 2516 1114 2567 ceterae
1133 2511 1306 2583 disciplinae.
1342 2525 1408 2566 nam

307 2583 399 2656 prima
417 2587 461 2638 eet
478 2583 513 2640 de
532 2583 682 2656 loquendo,
701 2585 824 2640 secunda
834 2583 869 2640 de
883 2583 1048 2653 eloquendo,
1059 2583 1147 2638 tertia
1157 2585 1192 2640 de
1202 2583 1405 2654 proloquendo,

308 2658 410 2728 quarta
427 2657 462 2710 de
480 2656 695 2727 proloquiorum
712 2673 828 2722 summa,
854 2655 951 2727 quinta
969 2653 1003 2710 de
1021 2655 1171 2710 iudicando
1193 2673 1263 2726 quae
1280 2656 1406 2725 pertinet

310 2727 347 2784 ed
364 2727 564 2784 iudicationem
583 2732 733 2798 poetarum
752 2733 781 2783 et
800 2731 963 2792 carminum,
976 2727 1100 2782 sextade
1111 2727 1230 2784 dicendo
1241 2743 1311 2797 quae
1332 2729 1408 2794 (titra‘

310 2815 380 2870 quae
401 2799 530 2868 dicenda)
549 2801 712 2856 rhetoribus
725 2799 901 2856 commodata
913 2803 966 2853 est.
982 2799 1012 2853 in
1024 2799 1116 2868 prima
1127 2803 1221 2854 autem
1229 2799 1312 2868 parte
1325 2811 1408 2868 queo·

309 2871 384 2924 ritur
394 2871 469 2940 'quid
487 2872 524 2925 sit
543 2872 722 2942 genus,‘quid
738 2872 836 2936 forma,
850 2870 917 2942 quid
929 2869 1095 2936 differentia,
1111 2871 1179 2940 quid
1191 2869 1328 2934 accidens,
1340 2869 1409 2940 quid

310 2959 378 2997 uero
390 2941 547 3012 proprium,
560 2943 627 3013 quid
641 2941 776 3008 definitio,
788 2941 855 3026 quid
866 2946 968 3006 totum,
981 2941 1048 3012 quid
1059 2959 1134 3012 pars,
1148 2943 1196 3013 qui
1213 2941 1243 2996 in
1255 2941 1408 2996 diuidendo

309 3011 418 3079 modus,
430 3015 478 3084 qui
489 3015 519 3068 in
529 3011 685 3086 partiendo,
714 3012 763 3069 uid
779 3018 816 3069 ιιι
827 3015 1019 3084 aequiuocum,
1032 3013 1099 3083 quid
1110 3017 1271 3078 uniuooum,
1284 3011 1352 3083 quid
1364 3011 1408 3084 (ιιι

310 3084 352 3141 ita
363 3085 464 3157 dicam)
474 3087 654 3156 pluriuocum
662 3129 669 3141 .
678 3035 737 3141 ..ln
749 3087 870 3141 secunda
880 3103 958 3150 uero,
967 3102 1050 3155 quam
1061 3083 1095 3140 de
1109 3085 1266 3156 eloquendo
1277 3086 1407 3149 diximus,

311 3157 465 3228 quaeritur,
485 3155 553 3227 quid
572 3158 609 3212 sit
627 3175 737 3223 nomen,
760 3157 828 3227 quid
844 3159 972 3221 uerbum,
993 3156 1107 3227 quidex
1123 3157 1166 3212 bis
1183 3157 1317 3222 iunctum,
1337 3173 1409 3226 quae

311 3245 346 3282 ex
361 3229 405 3282 bis
425 3229 581 3283 subiectiua
600 3246 666 3300 pars
685 3230 842 3284 sententias
863 3227 908 3294 sit,
928 3244 998 3297 quae
1019 3227 1200 3294 declaratiua,
1229 3228 1276 3298 qui
1300 3227 1408 3284 subiec-

310 3301 387 3355 tiuae
404 3300 503 3354 modus
524 3301 569 3366 sit,
598 3301 646 3370 qui
665 3300 862 3365 declaratiuae,
883 3304 1020 3370 quatenus
1038 3316 1141 3354 nomen
1158 3299 1322 3370 accipiatur,
1342 3318 1408 3369 qua·

309 3376 392 3426 tenus
410 3372 538 3437 uerbum,
558 3376 697 3442 quatenus
716 3375 753 3427 sit
770 3372 897 3442 perfectu
915 3371 1055 3429 sententia
1075 3374 1108 3424 ut
1126 3372 1217 3442 possit
1235 3389 1296 3426 esse
1313 3371 1409 3440 prolo-

311 3442 415 3513 quium.
438 3441 543 3513 excipit
560 3444 633 3499 banc
650 3457 716 3514 pars
735 3443 821 3498 tertia
840 3443 875 3498 de
893 3443 1097 3530 proloquendo.
1116 3444 1145 3496 in
1156 3460 1189 3498 ea
1203 3443 1407 3514 quaeritur,...

311 3531 382 3585 quae
400 3515 457 3568 sint
476 3514 651 3571 differentiae
668 3515 882 3586 proloquiorum
897 3515 1112 3584 mquantitate,
1126 3531 1196 3583 quae
1214 3515 1244 3568 in
1262 3515 1407 3583 qualitate,

312 3586 379 3656 quid
399 3587 560 3641 uniuersale
578 3589 623 3653 sit,
652 3585 720 3658 quid
744 3588 924 3657 particulare,
951 3587 1019 3656 quid
1037 3583 1223 3651 indefinItum,
1253 3601 1324 3655 quae
1353 3585 1409 3640 sint

311 3657 422 3722 aientia,
442 3677 512 3727 quae
530 3659 672 3730 negantia,
691 3677 774 3728 quem
789 3659 849 3714 uim
860 3660 982 3714 babeant
995 3657 1113 3728 singula,
1135 3661 1164 3712 et
1175 3657 1409 3727 quemadmodum

311 3730 387 3784 inter
404 3747 434 3784 se
453 3729 553 3785 affecta
572 3732 637 3785 sint.
655 3731 720 3786 bine
738 3730 906 3802 progeditur
922 3730 958 3784 ad
973 3733 1103 3799 quartam
1112 3725 1232 3798 partein,
1254 3746 1409 3799 quamesse

313 3799 433 3856 diximus
452 3801 486 3856 de
506 3802 720 3872 proloquiorum
738 3821 855 3858 summa.
884 3801 914 3856 in
935 3819 968 3856 ea
990 3801 1144 3870 quaeritur,
1174 3801 1241 3872 quid
1259 3801 1297 3855 sit
1316 3819 1409 3874 sump-

312 3877 381 3939 tum,
399 3871 467 3942 quid
484 3871 584 3941 illatio,
604 3874 672 3944 quid
692 3874 879 3944 syllogismus,
902 3869 968 3944 quid
989 3889 1177 3942 symperasma
1196 3889 1219 3926 e.
1231 3891 1257 3942 q.
1268 3891 1290 3926 s.

413 3963 456 4015 33.
475 3961 547 4016 Non.
566 3981 593 4033 p.
606 3965 669 4018 127:
686 3961 934 4017 Indiscriminatim
954 3961 1157 4016 indifferenter.
1193 3959 1284 4018 Varro
1303 3961 1338 4016 de
1356 3960 1408 4016 lin·

413 4105 432 4162 2
456 4105 569 4183 primae
592 4107 668 4166 duae
683 4103 769 4168 ODP
786 4106 898 4184 primae
920 4110 951 4164 et
972 4103 1047 4164 duae
1062 4103 1094 4163 B
1106 4096 1153 4184 113
1176 4103 1382 4188 dialecticapO
1392 4103 1410 4181 ΙΙ

236 4183 240 4193 ’
315 4189 332 4246 5
356 4192 401 4247 est
422 4207 477 4249 otu.
500 4184 564 4260 ΡΗ
585 4193 603 4249 7
628 4191 680 4250 iila
702 4207 778 4270 quue
799 4191 843 4249 sic
863 4187 967 4268 implet
988 4190 1163 4248 sententium
1187 4205 1241 4249 om.
1264 4188 1296 4248 B
1317 4193 1333 4267 Η
1353 4187 1409 4265 sio]

313 4275 353 4334 eit
375 4274 406 4331 D
419 4264 468 4352 119
491 4277 659 4374 uocatppB
678 4279 804 4336 uocatur
825 4273 948 4346 ooaPtt
965 4275 1003 4336 15
1026 4274 1147 4338 iutussit
1171 4273 1233 4336 cod.
1257 4271 1407 4348 Gsaclfert.

314 4380 392 4443 coa.
412 4386 472 4444 ros
492 4355 544 4454 ιἰ”’
