3152 5142
195 688 287 748 aare
310 686 507 761 petraeam
528 705 596 760 esse,
622 689 700 764 qaod
722 691 755 748 ta
778 705 834 764 qao
857 691 990 763 oporteat
1010 703 1137 760 meane,
1161 691 1187 748 et
1209 690 1242 747 ta
1268 705 1299 748 eo

193 801 311 872 perstet,
330 799 833 874 pereeaeroattu-prtoremtttem
840 802 965 873 partera,
981 799 1032 858 abt
1043 813 1097 859 oar
1108 801 1137 858 et
1147 797 1226 858 eade
1240 801 1300 859 etat

193 910 286 969 uerte
315 915 494 981 scrutantur,
528 909 636 971 Graeet
663 913 769 976 aoeert
801 900 1025 982 ἐτυμολογιάν,
1057 907 1141 968 ittam
1174 907 1298 968 atteram

195 1007 271 1088 napi
302 1006 553 1090 σημαινομένων.
597 1009 667 1097 ipsa
691 1009 912 1096 etymologiae
939 1008 1132 1094 inpugnatio
1155 1009 1191 1074 in
1215 1009 1295 1076 duas

193 1127 302 1206 partes
324 1118 429 1186 diuisa
452 1129 531 1202 erat,
554 1127 590 1183 ut
611 1119 697 1184 liber
719 1127 853 1184 eotenus
877 1117 931 1203 (25
954 1140 986 1205 p.
999 1118 1084 1202 409),
1107 1118 1210 1184 altera
1227 1129 1296 1184 eret

194 1229 369 1316 generalis,
389 1230 480 1294 onius
502 1229 629 1296 nullum
650 1229 825 1316 uestigium
850 1227 1016 1313 indagaui,
1043 1227 1144 1293 altera
1167 1227 1297 1315 singule

195 1339 330 1406 erimina
351 1339 607 1427 amplexabatur.
631 1359 713 1424 quae
740 1337 877 1403 erimina
901 1337 982 1422 (V3
1005 1359 1037 1424 p.
1058 1337 1110 1418 14)
1134 1337 1296 1426 tripartita

196 1459 280 1534 sunt,
313 1447 419 1536 primo
442 1449 482 1513 ab
505 1448 702 1535 inpositione
723 1446 880 1534 repetite:
912 1466 979 1511 non
998 1445 1113 1510 ‘omnis
1143 1445 1295 1534 inpositio

193 1559 372 1625 uerborum
395 1537 494 1642 euitat,
519 1579 601 1646 quae
629 1565 719 1621 extat
748 1579 816 1622 non
834 1554 946 1622 omnis
968 1555 1039 1621 sine
1061 1556 1180 1621 mendo
1201 1556 1295 1643 inpo-

194 1669 265 1751 site,
289 1690 371 1758 quae
392 1677 480 1732 reete
504 1677 555 1734 est
573 1667 714 1755 inposita
737 1690 804 1732 non
826 1675 943 1734 ennete
961 1676 1080 1750 manet,
1097 1666 1180 1752 .quin
1193 1665 1297 1730 multa

195 1779 297 1846 uerba
320 1777 524 1843 commutatis
546 1775 662 1842 litteris
684 1777 913 1859 obscurantem
936 1776 1056 1842 deinde
1076 1771 1296 1863 elinguarum

196 1886 400 1952 diuersitate:
423 1907 490 1951 non
515 1886 618 1950 omnis
639 1885 732 1971 origo
755 1893 805 1950 est
825 1885 945 1950 latinae
960 1885 1094 1971 linguae
1109 1907 1127 1950 e
1140 1907 1295 1950 uernaou-
1397 1879 1399 1884 ’

193 1997 235 2062 lis
255 1995 385 2078 uerbis3
408 1995 550 2085 denique
566 2019 585 2060 a
599 1993 632 2058 ni
649 1995 844 2060 uerborum:
866 1995 969 2059 multa
983 1996 1085 2060 uerba
1101 1994 1192 2059 aliud
1207 2016 1295 2060 nune

196 2106 382 2191 ostendunt,
416 2106 504 2173 uliud
537 2111 611 2173 ante
646 2106 883 2193 significabant.
927 2106 1010 2171 haee
1044 2104 1151 2169 omnia
1184 2103 1294 2169 multis

196 2216 355 2305 exemplis
376 2215 574 2298 inlustrauit,
608 2215 714 2302 qualia
728 2214 826 2280 facile
848 2214 883 2278 in
897 2213 989 2281 libris
1015 2211 1226 2301 sequentibus
1246 2209 1295 2278 in-

194 2323 317 2390 uenies.
340 2341 447 2407 neque
468 2322 602 2388 deerant
622 2331 701 2411 puto
725 2323 878 2410 querelae
896 2329 933 2385 ut
954 2321 1031 2406 (Vt)
1043 2344 1075 2409 p.
1090 2320 1143 2405 15)
1165 2331 1296 2388 uetustus

192 2413 290 2514 perrea
310 2455 370 2498 aoa
390 2437 545 2512 depereant,
568 2437 661 2497 multu
685 2437 769 2496 totttt.
813 2453 896 2512 quem
913 2453 1041 2511 pueram
1061 2435 1165 2495 eruere
1185 2435 1294 2506 sormo-

195 2563 266 2615 eam,
289 2545 369 2604 tuae
388 2543 472 2603 aletes
495 2544 652 2616 deformem
672 2547 706 2604 ta
726 2549 849 2606 eeaeeto.
872 2547 989 2605 tertiam
1004 2545 1200 2608 eeeutumaoa
1215 2546 1298 2606 attat

195 2669 260 2714 eura
280 2655 422 2713 torataem
446 2669 529 2726 quem
551 2652 628 2712 atdtt
644 2653 783 2725 arreum.
815 2667 908 2728 quare
928 2653 983 2713 eta
1003 2649 1078 2728 qaae
1097 2655 1157 2714 tom
1176 2654 1296 2713 meto*

196 2765 249 2823 tas
268 2761 508 2822 aoetrte'aeterar't
526 2761 634 2821 otttato
653 2760 792 2839 faptttua
813 2763 1065 2824 seeutaeedatttus
1075 2762 1298 2824 MattetBrati

194 2871 346 2932 retrahere
361 2869 471 2943 aeqatt.

294 2971 419 3038 Libro
443 2970 579 3036 altero
599 2979 713 3036 eontra
725 2970 946 3058 etymologiae
958 2969 1191 3058 praestantiam
1201 2993 1294 3058 prae-

195 3083 315 3150 dicauit
338 3091 372 3146 et
393 3078 509 3146 eodem
530 3077 626 3144 modo
650 3101 713 3167 quo
735 3077 819 3143 libro
841 3099 929 3144 nono
946 3079 1064 3167 opinor
1080 3079 1187 3166 primo
1211 3102 1294 3165 quae

194 3177 237 3257 ad
259 3192 447 3258 uniuersam
469 3188 705 3275 etymologiam
727 3196 922 3276 spectarent,
943 3187 1063 3255 deinde
1086 3190 1216 3278 singule
1233 3191 1294 3258 eri·

194 3301 283 3366 mina
304 3299 348 3364 ‘ot
369 3319 408 3364 ea
430 3319 514 3386 quae
536 3298 571 3363 in
590 3297 701 3386 priore
724 3297 807 3362 libro
831 3305 940 3361 essent
972 3295 1058 3365 dicte
1091 3307 1124 3364 ot
1152 3321 1190 3366 ea
1213 3321 1295 3391 quae

193 3411 376 3500 potuissent
406 3409 480 3474 dioi’
514 3408 671 3495 (V'IIIIl
694 3431 726 3495 p.
745 3407 820 3487 461)
845 3409 1065 3496 perlustrauit.
1110 3412 1152 3476 In
1183 3412 1293 3498 priore

193 3530 295 3608 parte
311 3529 401 3585 reete
423 3519 543 3586 stoicos
566 3527 668 3584 artem
690 3519 925 3606 etymologiam
944 3519 1106 3587 iudicasse
1121 3521 1293 3611 eidemque

193 3627 373 3694 manifestis
395 3627 580 3715 praeceptis
600 3637 725 3694 eertum
749 3629 997 3694 fundamentum
1028 3628 1157 3696 dedisse
1182 3631 1291 3718 dispu-

193 3739 283 3805 teuit.
307 3757 389 3826 quae
410 3744 595 3825 praecepta,
619 3737 646 3802 si
671 3759 769 3826 supra
792 3738 970 3826 Augustini
992 3737 1153 3827 principia
1177 3740 1293 3806 dialec-

192 3849 258 3926 tica
287 3849 352 3913 hue
382 3845 549 3936 pertinere
577 3847 798 3934 probauimus,
833 3848 878 3913 ite
909 3850 979 3914 fere
1012 3859 1202 3937 persecutus
1233 3859 1292 3916 est.

191 3958 339 4024 'emnium
361 3959 535 4023 uerborum
557 3957 639 4022 ratio
663 3957 822 4045 explicari
836 3965 945 4044 potest
963 3968 995 4022 et
1017 3960 1056 4023 ab
1073 3959 1135 4024 alio
1149 3959 1189 4024 ad
1203 3959 1292 4025 aliud

188 4069 500 4152 transeundum'est,
517 4068 621 4134 donec
634 4089 687 4134 res
699 4073 788 4152 (nam
800 4090 853 4134 res
876 4079 908 4133 et
925 4071 1027 4135 uerba
1042 4077 1201 4158 perpetuo
1216 4091 1291 4135 oon-

190 4175 387 4258 funduntur)
411 4177 656 4245 similitudinem
681 4180 842 4267 quandam
863 4201 935 4244 eum
965 4165 1044 4245 sono
1067 4179 1159 4246 uerbi
1184 4187 1290 4246 osten·

193 4287 281 4374 dant,
311 4295 348 4353 ut
377 4287 487 4352 ouium
513 4287 640 4354 balatus
669 4288 725 4353 uel
752 4289 902 4354 tubarum
922 4289 1067 4377 clangor.
1100 4289 1164 4356 hue
1182 4288 1291 4378 ‘igitur

191 4395 389 4463 referendus
410 4395 540 4462 uidetur
562 4397 649 4464 Noni
671 4397 760 4462 loeus
776 4395 896 4485 (pato
915 4393 960 4464 Mss
982 4399 1133 4484 gannire]
1162 4397 1202 4462 de
1225 4399 1291 4463 ani-
