3140 5148
802 455 862 518 1⁷4

227 645 268 708 44
317 669 319 674 ·
369 634 515 703 Lucilius
545 634 601 702 ubi
621 635 641 702 I
662 634 748 702 exile
772 643 821 702 cst
849 655 910 723 per
933 655 969 702 se
997 634 1090 702 iubet
1118 633 1229 718 scribi,
1261 641 1293 700 st
1325 632 1383 700 ubi

284 743 419 832 plenum
441 753 491 810 est
513 743 782 833 praeponendum
804 764 875 810 esse
894 741 925 810 Ε
946 742 1060 828 medii,
1084 742 1135 810 his
1157 742 1323 810 uersibuss

365 851 669 938 Msillehominum,
683 852 747 920 duo
767 851 907 936 meillic3
930 851 1010 920 item
1020 851 1116 922 huius
1128 860 1269 940 ubsque
1291 871 1382 938 epm,

1082 961 1208 1047 melles,

283 1049 288 1058 ’
366 1069 561 1140 Mollitiam..
580 1079 695 1138 tenues
717 1071 751 1138 I:
774 1070 874 1161 pilum
897 1092 960 1157 qus
980 1071 1127 1154 lusimus,
1150 1069 1253 1160 pilu'm
1402 1079 1420 1135 t

283 1209 286 1218 ·
368 1181 442 1264 Quo
464 1180 571 1270 pinso,
591 1189 708 1247 tenues
729 1183 758 1248 I.
793 1181 888 1269 plura
910 1181 990 1247 haec
1006 1179 1151 1294 feceris:
1173 1179 1260 1270 peila

368 1289 463 1380 Quae
485 1289 630 1376 iacimus,
654 1290 754 1356 addes
777 1289 817 1376 E,
839 1289 935 1377 psile,
957 1299 994 1356 ut
1015 1283 1145 1378 plenius
1167 1289 1233 1356 fiat.

284 1473 359 1524 num,
380 1457 427 1526 qui
446 1460 489 1510 est
505 1454 704 1526 pinguissimus
724 1456 786 1511 etV
803 1455 928 1512 litteram
946 1456 1112 1527 occupabat,
1132 1455 1201 1514 uelit
1219 1453 1279 1526 quis
1299 1472 1385 1514 suum-

283 1529 364 1593 tiore,
385 1545 420 1582 an
438 1545 489 1597 per
506 1526 588 1594 hunc,
607 1528 654 1596 qui
670 1528 726 1581 iam
742 1528 855 1583 uidetur
874 1527 1037 1598 elegantior,
1066 1527 1164 1582 exilius
1189 1526 1220 1581 id
1243 1530 1287 1581 est
1303 1525 1385 1597 peri

283 1601 408 1654 litteram
424 1599 474 1653 has
486 1599 618 1724 iggerat
636 1616 728 1667 uoces,
752 1599 782 1653 in
806 1599 905 1669 quibus
923 1600 948 1656 V
965 1600 1062 1654 littera
1079 1599 1192 1654 uidetur
1211 1614 1271 1653 osse
1290 1613 1385 1668 super-

283 1687 379 1727 uacua
396 1691 430 1724 c.
471 1708 476 1724 .
558 1708 566 1722 „
815 1701 818 1706 Δ

383 1677 427 1796 dds.
448 1689 575 1796 pTenent.
586 1741 800 1812 Scaur.p.22iib
812 1743 856 1798 R:
877 1742 1002 1796 Primum
1020 1741 1109 1812 igitur
1128 1755 1181 1810 per
1196 1739 1384 1796 adiectionem

282 1814 333 1868 illu
347 1813 484 1868 ‘uidentur
504 1829 564 1867 esse
580 1813 693 1880 uitiosa,
704 1813 779 1882 quod
786 1814 882 1868 Attius
900 1813 1048 1884 geminatis
1068 1811 1213 1866 noualibus
1231 1813 1318 1867 scribi
1335 1827 1384 1868 na·

283 1891 351 1940 ture
369 1885 466 1955 longas
485 1883 586 1952 syllbas
611 1885 711 1952 noluit,
737 1903 799 1940 cum
825 1885 929 1954 alioqui
953 1885 1065 1940 adiecto
1091 1885 1138 1938 uel
1162 1883 1272 1938 sublato
1295 1884 1382 1954 apice,

284 1956 468 2027 longitudinis
487 1960 515 2009 et
534 1956 681 2010 breuitatis
699 1960 775 2025 note,
792 1961 890 2027 posset
910 1957 1028 2012 ostendi.
1066 1972 1132 2010 nam
1159 1954 1313 2025 singulares
1335 1972 1384 2010 uo·

284 2029 360 2084 eules
385 2034 415 2083 et
436 2027 554 2097 produci
579 2031 608 2082 ot
632 2027 738 2098 corripi
760 2033 887 2098 possunt,
910 2029 984 2083 unde
1012 2027 1097 2083 etism
1114 2025 1238 2080 Lucilius
1257 2026 1286 2080 in
1304 2026 1383 2082 vlm

284 2105 444 2158 saturarum
470 2098 505 2152 de
532 2098 732 2170 orthographia
758 2099 934 2170 praecipiens
958 2100 1076 2154 ait...
1103 2099 1173 2152 item
1189 2097 1264 2167 quod
1282 2097 1382 2154 Luci-

285 2172 374 2238 lius,
391 2169 455 2224 ubi
477 2208 484 2223 .
505 2208 513 2224 .
532 2211 538 2224 .
557 2170 685 2241 regula
704 2172 945 2241 corrigantur.
972 2171 1065 2238 Quint.
1079 2169 1184 2238 17,14:
1204 2169 1383 2224 somiuocales

284 2241 428 2314 geminare
448 2241 495 2295 diu
513 2259 570 2296 non
588 2241 643 2296 ruit
654 2241 830 2296 usitatissimi
845 2243 930 2296 moris
946 2247 1031 2312 etque
1049 2257 1064 2295 e
1083 2240 1224 2296 contrario
1241 2257 1328 2310 usque
1347 2240 1384 2295 sd

286 2313 395 2368 Attium
410 2317 442 2366 et
458 2313 532 2367 ultra
548 2316 693 2383 porrectas
712 2313 831 2382 syllabas
850 2312 1021 2384 geminis
1039 2312 1183 2367 uocalibus
1202 2311 1382 2382 scripserunt

285 2385 390 2440 diutius
408 2384 528 2452 «iurauit,
548 2389 581 2439 ut
597 2383 636 2438 El
655 2384 804 2454 iungendis
827 2385 923 2439 eodem
948 2385 1059 2440 ratione
1082 2399 1137 2454 qus
1154 2383 1249 2453 gruem
1267 2389 1309 2438 El
1323 2387 1384 2438 ute-

286 2460 389 2511 rentur.
426 2473 459 2510 ea
479 2456 590 2512 casibus
609 2457 786 2525 numerisque
804 2456 931 2511 discreto
949 2459 1000 2525 est,
1028 2460 1061 2510 ut
1080 2455 1205 2510 Lucilius
1230 2455 1382 2524 praecipita

286 2529 352 2582 ‘iam
376 2527 474 2597 puerei
498 2543 609 2594 uenere,
636 2527 659 2580 Ε
683 2532 855 2597 postremum
877 2528 962 2582 isoito
988 2531 1072 2598 atque
1089 2527 1112 2592 1,
1133 2530 1166 2581 ut
1190 2526 1271 2595 pueri
1288 2527 1384 2596 plures

286 2599 372 2669 liuns,
391 2617 423 2654 ac
442 2598 572 2668 deinceps
589 2597 678 2652 idem:
704 2600 840 2654 ‘mendaci
858 2599 968 2668 furique
994 2599 1080 2653 cddes
1098 2599 1123 2652 E
1142 2614 1205 2652 cum
1223 2597 1292 2652 dare
1311 2595 1384 2651 ferrei

285 2669 417 2726 iusseris’.
460 2671 535 2739 quod
553 2669 665 2739 quidem
689 2685 751 2724 eum
769 2687 971 2740 superuacuum
992 2675 1043 2734 est,
1072 2670 1137 2738 quia
1160 2669 1174 2722 Ι
1197 2672 1257 2722 tam
1284 2669 1384 2739 longas

286 2759 371 2812 quam
390 2743 484 2796 breuis
501 2745 632 2796 naturam
649 2741 742 2810 habet,
768 2747 830 2796 tum
850 2742 1055 2797 incommodum
1073 2740 1231 2811 aliquando.
1272 2757 1337 2794 nam
1354 2739 1385 2794 irs

286 2815 336 2882 eis,
357 2831 427 2884 quae
438 2814 593 2884 proximam
611 2815 646 2868 ab
662 2813 762 2867 ultime
779 2815 937 2868 littersmE
950 2813 1093 2869 habebunt
1110 2816 1140 2867 et
1156 2812 1170 2866 I
1187 2813 1272 2882 longa
1288 2811 1384 2866 termi-

286 2886 436 2952 nabuntur,
460 2885 537 2938 illem
558 2884 695 2939 rstionem
719 2889 866 2954 sequentes
886 2883 1038 2940 utemurll
1059 2884 1177 2954 gemina,
1205 2883 1299 2954 qualia
1319 2885 1384 2936 sunt

286 2957 369 3012 haec:
388 2957 465 3010 aurei
483 2957 611 3026 argentei
627 2961 657 3010 et
674 2955 717 3010 his
730 2957 838 3011 similia.
874 2956 959 3026 idque
979 2957 1021 3012 eis
1040 2955 1197 3026 praecipue,
1210 2953 1258 3024 qui
1271 2953 1310 3009 »ad
1328 2955 1384 3009 lec·

285 3030 392 3082 tionem
409 3028 601 3097 instituentur,
613 3028 699 3082 etiam
716 3028 914 3098 impedimento
933 3028 995 3096 erit,
1014 3028 1088 3082 sicut
1104 3028 1132 3081 in
1151 3027 1261 3098 graecis
1280 3025 1385 3081 accidit

287 3099 443 3154 adiectione
462 3099 476 3152 1
493 3100 613 3168 litterae,
632 3115 715 3167 quam
732 3117 788 3154 non
807 3101 895 3154 solum
907 3098 1009 3153 detiuis
1021 3099 1130 3155 essibus
1141 3099 1171 3152 in
1187 3102 1269 3168 purte
1286 3097 1385 3152 ultima

286 3171 430 3226 sscribunt
445 3170 497 3225 sed
515 3171 680 3239 quibusdem
698 3171 782 3225 etiam
799 3171 990 3240 interponunt,
1015 3174 1048 3225 ut
1067 3171 1097 3224 in
1118 3173 1299 3236 AHIZTHIJ
1320 3168 1385 3238 quis

286 3243 454 3312 etymologia
475 3259 510 3295 ex
528 3242 663 3296 diuisione
680 3242 711 3298 in
728 3243 780 3296 tris
801 3242 919 3310 syllabus
937 3242 1013 3296 faeta
1025 3241 1167 3296 desideret
1178 3257 1240 3295 eum
1249 3241 1382 3296 litteram.

286 3313 345 3369 Vel.
363 3313 450 3383 Long.
469 3331 496 3382 p.
508 3312 579 3368 2220
589 3313 635 3366 P.:
658 3312 706 3368 hic
723 3314 868 3382 quaeritur
889 3313 982 3382 etism,
1009 3331 1043 3367 an
1061 3329 1112 3383 per
1127 3313 1153 3366 E
1171 3317 1201 3366 et
1217 3313 1231 3366 1
1248 3311 1385 3381 quasdam

289 3384 410 3438 debeant
428 3385 514 3440 scribi
533 3383 933 3440 secundumconsuetudinem
951 3399 1089 3455 graecam.
1114 3382 1240 3440 nonnulli
1260 3384 1386 3438 enimes

286 3469 359 3526 quse
376 3455 599 3526 producerentur
617 3456 658 3510 sic
675 3456 856 3527 scripserunt.
893 3456 940 3511 alii
958 3457 1085 3511 contenti
1102 3455 1217 3510 fuerunt
1235 3455 1301 3510 hnic
1320 3469 1386 3524 pro·

288 3527 436 3583 ductionil
450 3527 563 3598 longam
573 3530 607 3581 ut
617 3529 668 3594 (sic
681 3532 779 3582 Vrener
797 3549 847 3600 pro
864 3530 978 3599 longam
997 3528 1054 3598 aut)
1072 3531 1169 3582 notem
1186 3526 1305 3582 dedisse.
1337 3524 1385 3580 elii

286 3615 355 3653 uero
370 3615 488 3668 quorum
502 3604 547 3653 est
562 3599 631 3653 item
646 3598 769 3654 Lucilius
786 3599 865 3655 uarie
884 3599 1122 3668 scriptitaueruut,
1139 3597 1278 3667 siquidem
1294 3598 1325 3652 in
1341 3597 1385 3650 his

286 3687 359 3740 qnae
376 3671 607 3740 producerentur,
620 3671 674 3725 alia
687 3671 761 3740 peri
779 3671 900 3741 longam,
913 3671 968 3725 eliu
979 3670 1060 3740 peril
1076 3674 1106 3724 et
1123 3670 1137 3723 1
1155 3672 1334 3735 coiecerunt,
1344 3667 1386 3722 ui·

286 3741 391 3800 delicet
408 3747 439 3796 ut
458 3741 616 3799 differentia
633 3747 751 3812 quodum
768 3748 938 3812 separantes,
956 3746 988 3796 ut
1005 3757 1069 3797 cum
1087 3741 1243 3796 diceremus
1261 3739 1343 3806 ‘uisi’,
1362 3738 1387 3793 si

285 3814 492 3884 essentplures,
506 3813 592 3883 perE
606 3818 636 3868 et
652 3815 666 3868 1
684 3815 879 3883 scriberemus,
900 3813 924 3867 si
940 3830 1009 3868 uero
1031 3817 1105 3867 esset
1123 3829 1202 3879 uuus,
1220 3811 1294 3866 ‘uiri'
1311 3810 1386 3882 perl

286 3888 457 3942 notaremus.
478 3890 508 3939 et
516 3884 639 3940 Lucilius
655 3885 685 3940 in
693 3886 784 3941 vnn:
805 3887 868 3940 ‘iam
878 3885 977 3955 puerei
987 3899 1098 3955 uenere,
1116 3883 1141 3938 Ε
1162 3888 1334 3954 postremum
1346 3882 1387 3936 ia·

389 4015 404 4072 1
430 4011 538 4074 Scauri
557 4013 620 4074 cod.
642 4012 804 4077 Bebase
824 4015 887 4077 330
906 4012 1031 4075 essex
1047 4031 1090 4063 =
1110 4011 1141 4071 B
1162 4010 1215 4084 112
1235 4029 1302 4078 ‚esse
1326 4029 1387 4069 crc-

290 4095 334 4156 dit
354 4095 384 4156 Β
400 4099 419 4170 ΙΙ
441 4095 459 4156 3
481 4097 561 4156 mille
579 4097 730 4156 hominum
752 4095 800 4154 ll·
823 4095 854 4156 Β
872 4097 888 4172 11
912 4096 987 4163 hucs
1009 4101 1137 4174 utroque
1158 4113 1233 4174 opus
1256 4095 1336 4154 mille
1356 4091 1387 4154 B

287 4182 357 4240 huic
373 4181 415 4241 EI
435 4179 562 4258 utroque
583 4185 656 4242 corti.
672 4175 814 4260 Vsenerii
821 4175 842 4240 '5
865 4183 1001 4241 militiam
1022 4176 1082 4260 ΒΙΙ
1093 4179 1186 4258 pilam
1204 4179 1242 4238 in*
1258 4196 1317 4256 qua
1329 4169 1384 4259 Bi}

290 4269 308 4326 6
338 4285 399 4344 quo
429 4257 495 4345 ipsi
523 4269 626 4326 tenues
653 4269 680 4326 si
705 4263 736 4325 Β
756 4267 820 4344 pssa
840 4265 871 4326 Β
893 4268 908 4340 ΙΙ
934 4269 1034 4345 7qua
1051 4266 1175 4327 issimus
1196 4261 1280 4324 adei.
1307 4263 1386 4341 pella

289 4355 324 4410 ut
343 4351 447 4432 plenus
467 4351 522 4412 fiae
541 4349 573 4410 Β
584 4353 600 4424 ΙΙ
