<?xml version="1.0" encoding="UTF-8"?>
<!DOCTYPE html PUBLIC "-//W3C//DTD XHTML 1.0 Transitional//EN"
    "http://www.w3.org/TR/xhtml1/DTD/xhtml1-transitional.dtd">
<html xmlns="http://www.w3.org/1999/xhtml" xml:lang="en" lang="en">
 <head>
  <title>
</title>
<meta http-equiv="Content-Type" content="text/html;charset=utf-8" />
  <meta name='ocr-system' content='tesseract 3.04.00' />
  <meta name='ocr-capabilities' content='ocr_page ocr_carea ocr_par ocr_line ocrx_word'/>
</head>
<body>
  <div class='ocr_page' id='page_1' title='image "./demterentivarro00wilmgoog_0053.png"; bbox 0 0 3152 5142; ppageno 0'>
   <div class='ocr_carea' id='block_1_1' title="bbox 796 404 836 460">
    <p class='ocr_par' dir='ltr' id='par_1_1' title="bbox 796 404 836 460">
     <span class='ocr_line' id='line_1_1' title="bbox 796 404 836 460; baseline 0 0"><span class='ocrx_word' id='word_1_1' title='bbox 796 404 836 460; x_wconf 79' lang='lat'><strong>40</strong></span> 
     </span>
    </p>
   </div>
   <div class='ocr_carea' id='block_1_2' title="bbox 191 578 1408 4375">
    <p class='ocr_par' dir='ltr' id='par_1_2' title="bbox 191 578 1408 3069">
     <span class='ocr_line' id='line_1_2' title="bbox 191 578 1368 664; baseline -0.003 -20"><span class='ocrx_word' id='word_1_2' title='bbox 191 596 192 600; x_wconf 76' lang='grc'>’</span> <span class='ocrx_word' id='word_1_3' title='bbox 270 589 406 644; x_wconf 87' lang='lat' dir='ltr'><strong>testatur</strong></span> <span class='ocrx_word' id='word_1_4' title='bbox 428 579 612 646; x_wconf 84' lang='lat' dir='ltr'><strong>Macrobius</strong></span> <span class='ocrx_word' id='word_1_5' title='bbox 638 579 994 664; x_wconf 79' lang='lat' dir='ltr'><strong>(sat.110‚18),qu0d</strong></span> <span class='ocrx_word' id='word_1_6' title='bbox 1026 579 1202 647; x_wconf 84' lang='lat' dir='ltr'><strong>Caesarem</strong></span> <span class='ocrx_word' id='word_1_7' title='bbox 1232 578 1277 642; x_wconf 86' lang='lat' dir='ltr'><strong>ita</strong></span> <span class='ocrx_word' id='word_1_8' title='bbox 1301 601 1368 642; x_wconf 90' lang='lat' dir='ltr'><strong>mu·</strong></span> 
     </span>
     <span class='ocr_line' id='line_1_3' title="bbox 270 685 1369 774; baseline -0.003 -23"><span class='ocrx_word' id='word_1_9' title='bbox 270 698 355 754; x_wconf 89' lang='lat' dir='ltr'><strong>tasse</strong></span> <span class='ocrx_word' id='word_1_10' title='bbox 384 696 420 751; x_wconf 89' lang='lat' dir='ltr'><strong>ut</strong></span> <span class='ocrx_word' id='word_1_11' title='bbox 451 687 506 752; x_wconf 90' lang='lat' dir='ltr'><strong>illa</strong></span> <span class='ocrx_word' id='word_1_12' title='bbox 541 687 593 752; x_wconf 90' lang='lat' dir='ltr'><strong>die</strong></span> <span class='ocrx_word' id='word_1_13' title='bbox 627 711 690 774; x_wconf 89' lang='lat' dir='ltr'><strong>quo</strong></span> <span class='ocrx_word' id='word_1_14' title='bbox 722 711 852 774; x_wconf 82' lang='lat' dir='ltr'><strong>semper</strong></span> <span class='ocrx_word' id='word_1_15' title='bbox 881 689 1011 754; x_wconf 84' lang='lat' dir='ltr'><strong>fuerant</strong></span> <span class='ocrx_word' id='word_1_16' title='bbox 1039 688 1256 772; x_wconf 86' lang='lat' dir='ltr'><strong>relinqueret,</strong></span> <span class='ocrx_word' id='word_1_17' title='bbox 1289 685 1369 750; x_wconf 85' lang='lat' dir='ltr'><strong>haec</strong></span> 
     </span>
     <span class='ocr_line' id='line_1_4' title="bbox 269 789 1401 886; baseline -0.002 -26"><span class='ocrx_word' id='word_1_18' title='bbox 269 796 470 879; x_wconf 82' lang='lat' dir='ltr'><strong>transferret,</strong></span> <span class='ocrx_word' id='word_1_19' title='bbox 490 814 609 862; x_wconf 88' lang='lat' dir='ltr'><strong>uereor</strong></span> <span class='ocrx_word' id='word_1_20' title='bbox 632 819 673 861; x_wconf 90' lang='lat' dir='ltr'><strong>ne</strong></span> <span class='ocrx_word' id='word_1_21' title='bbox 695 797 788 863; x_wconf 90' lang='lat' dir='ltr'><strong>citius</strong></span> <span class='ocrx_word' id='word_1_22' title='bbox 801 799 945 886; x_wconf 87' lang='lat' dir='ltr'><strong>Popmae</strong></span> <span class='ocrx_word' id='word_1_23' title='bbox 971 797 1026 883; x_wconf 89' lang='lat' dir='ltr'><strong>(ad</strong></span> <span class='ocrx_word' id='word_1_24' title='bbox 1047 799 1079 862; x_wconf 92' lang='lat' dir='ltr'><strong>h.</strong></span> <span class='ocrx_word' id='word_1_25' title='bbox 1092 797 1128 878; x_wconf 76' lang='lat' dir='ltr'><strong>l.)</strong></span> <span class='ocrx_word' id='word_1_26' title='bbox 1152 797 1214 861; x_wconf 91' lang='lat' dir='ltr'><strong>hoc</strong></span> <span class='ocrx_word' id='word_1_27' title='bbox 1235 804 1366 859; x_wconf 86' lang='lat' dir='ltr'><strong>conten·</strong></span> <span class='ocrx_word' id='word_1_28' title='bbox 1396 789 1401 798; x_wconf 68' lang='lat'>‘</span> 
     </span>
     <span class='ocr_line' id='line_1_5' title="bbox 271 905 1369 974; baseline -0.004 -4"><span class='ocrx_word' id='word_1_29' title='bbox 271 905 360 970; x_wconf 90' lang='lat' dir='ltr'><strong>denti</strong></span> <span class='ocrx_word' id='word_1_30' title='bbox 382 928 448 970; x_wconf 92' lang='lat' dir='ltr'><strong>non</strong></span> <span class='ocrx_word' id='word_1_31' title='bbox 469 905 704 973; x_wconf 81' lang='lat' dir='ltr'><strong>demonstranti</strong></span> <span class='ocrx_word' id='word_1_32' title='bbox 733 905 773 972; x_wconf 93' lang='grc' dir='ltr'><strong>Ο.</strong></span> <span class='ocrx_word' id='word_1_33' title='bbox 796 907 937 974; x_wconf 85' lang='lat' dir='ltr'><strong>Mueller</strong></span> <span class='ocrx_word' id='word_1_34' title='bbox 961 906 1148 971; x_wconf 78' lang='lat' dir='ltr'><strong>crediderit.</strong></span> <span class='ocrx_word' id='word_1_35' title='bbox 1176 913 1209 970; x_wconf 86' lang='lat' dir='ltr'><strong>et</strong></span> <span class='ocrx_word' id='word_1_36' title='bbox 1230 927 1266 968; x_wconf 92' lang='lat' dir='ltr'><strong>re</strong></span> <span class='ocrx_word' id='word_1_37' title='bbox 1290 925 1369 968; x_wconf 88' lang='lat' dir='ltr'><strong>uera</strong></span> 
     </span>
     <span class='ocr_line' id='line_1_6' title="bbox 270 1013 1368 1099; baseline -0.003 -21"><span class='ocrx_word' id='word_1_38' title='bbox 270 1013 351 1078; x_wconf 89' lang='lat' dir='ltr'><strong>nihil</strong></span> <span class='ocrx_word' id='word_1_39' title='bbox 383 1015 424 1078; x_wconf 92' lang='lat' dir='ltr'><strong>de</strong></span> <span class='ocrx_word' id='word_1_40' title='bbox 453 1014 509 1078; x_wconf 91' lang='lat' dir='ltr'><strong>tali</strong></span> <span class='ocrx_word' id='word_1_41' title='bbox 542 1016 719 1080; x_wconf 80' lang='lat' dir='ltr'><strong>mutatione</strong></span> <span class='ocrx_word' id='word_1_42' title='bbox 751 1015 905 1079; x_wconf 89' lang='lat' dir='ltr'><strong>traditum</strong></span> <span class='ocrx_word' id='word_1_43' title='bbox 933 1024 992 1099; x_wconf 88' lang='lat' dir='ltr'><strong>est,</strong></span> <span class='ocrx_word' id='word_1_44' title='bbox 1023 1015 1081 1080; x_wconf 88' lang='lat' dir='ltr'><strong>sed</strong></span> <span class='ocrx_word' id='word_1_45' title='bbox 1102 1013 1224 1081; x_wconf 85' lang='lat' dir='ltr'><strong>Caesar</strong></span> <span class='ocrx_word' id='word_1_46' title='bbox 1256 1033 1368 1076; x_wconf 90' lang='lat' dir='ltr'><strong>omnes</strong></span> 
     </span>
     <span class='ocr_line' id='line_1_7' title="bbox 273 1107 1370 1212; baseline -0.005 -24"><span class='ocrx_word' id='word_1_47' title='bbox 273 1131 429 1212; x_wconf 88' lang='lat' dir='ltr'><strong>quantum</strong></span> <span class='ocrx_word' id='word_1_48' title='bbox 449 1123 586 1188; x_wconf 89' lang='lat' dir='ltr'><strong>sciamus</strong></span> <span class='ocrx_word' id='word_1_49' title='bbox 611 1125 680 1188; x_wconf 92' lang='lat' dir='ltr'><strong>dies</strong></span> <span class='ocrx_word' id='word_1_50' title='bbox 700 1125 799 1190; x_wconf 88' lang='lat' dir='ltr'><strong>festos</strong></span> <span class='ocrx_word' id='word_1_51' title='bbox 820 1107 968 1210; x_wconf 77' lang='lat' dir='ltr'><strong>integros</strong></span> <span class='ocrx_word' id='word_1_52' title='bbox 992 1123 1133 1211; x_wconf 89' lang='lat' dir='ltr'><strong>reliquit.</strong></span> <span class='ocrx_word' id='word_1_53' title='bbox 1170 1129 1281 1187; x_wconf 89' lang='lat' dir='ltr'><strong>contra</strong></span> <span class='ocrx_word' id='word_1_54' title='bbox 1302 1119 1370 1184; x_wconf 87' lang='lat' dir='ltr'><strong>An·</strong></span> 
     </span>
     <span class='ocr_line' id='line_1_8' title="bbox 270 1227 1366 1322; baseline -0.005 -25"><span class='ocrx_word' id='word_1_55' title='bbox 270 1242 402 1318; x_wconf 88' lang='lat' dir='ltr'><strong>gustum</strong></span> <span class='ocrx_word' id='word_1_56' title='bbox 413 1233 597 1316; x_wconf 86' lang='lat' dir='ltr'><strong>Macrobius</strong></span> <span class='ocrx_word' id='word_1_57' title='bbox 618 1234 650 1316; x_wconf 82' lang='grc' dir='ltr'><strong>(Ι</strong></span> <span class='ocrx_word' id='word_1_58' title='bbox 666 1234 714 1317; x_wconf 83' lang='grc'><strong>10,</strong></span> <span class='ocrx_word' id='word_1_59' title='bbox 729 1235 759 1299; x_wconf 88' lang='grc'><strong>4.</strong></span> <span class='ocrx_word' id='word_1_60' title='bbox 775 1234 841 1322; x_wconf 76' lang='grc'>23),</span> <span class='ocrx_word' id='word_1_61' title='bbox 865 1257 937 1299; x_wconf 90' lang='lat' dir='ltr'><strong>cum</strong></span> <span class='ocrx_word' id='word_1_62' title='bbox 961 1244 1033 1321; x_wconf 89' lang='lat' dir='ltr'><strong>post</strong></span> <span class='ocrx_word' id='word_1_63' title='bbox 1060 1233 1232 1300; x_wconf 79' lang='lat' dir='ltr'><strong>Caesarem</strong></span> <span class='ocrx_word' id='word_1_64' title='bbox 1255 1227 1366 1295; x_wconf 82' lang='lat' dir='ltr'><strong>Satur-</strong></span> 
     </span>
     <span class='ocr_line' id='line_1_9' title="bbox 271 1342 1371 1430; baseline -0.005 -24"><span class='ocrx_word' id='word_1_65' title='bbox 271 1343 357 1406; x_wconf 90' lang='lat' dir='ltr'><strong>nalia</strong></span> <span class='ocrx_word' id='word_1_66' title='bbox 382 1342 437 1406; x_wconf 88' lang='lat' dir='ltr'><strong>alii</strong></span> <span class='ocrx_word' id='word_1_67' title='bbox 462 1342 578 1406; x_wconf 90' lang='lat' dir='ltr'><strong>eodem</strong></span> <span class='ocrx_word' id='word_1_68' title='bbox 601 1343 653 1407; x_wconf 90' lang='lat' dir='ltr'><strong>die</strong></span> <span class='ocrx_word' id='word_1_69' title='bbox 677 1366 740 1430; x_wconf 90' lang='lat' dir='ltr'><strong>quo</strong></span> <span class='ocrx_word' id='word_1_70' title='bbox 761 1353 864 1426; x_wconf 87' lang='lat' dir='ltr'><strong>antea,</strong></span> <span class='ocrx_word' id='word_1_71' title='bbox 893 1343 947 1408; x_wconf 90' lang='lat' dir='ltr'><strong>alii</strong></span> <span class='ocrx_word' id='word_1_72' title='bbox 978 1364 1016 1408; x_wconf 87' lang='lat' dir='ltr'><strong>eo</strong></span> <span class='ocrx_word' id='word_1_73' title='bbox 1053 1343 1197 1430; x_wconf 90' lang='lat' dir='ltr'><strong>quitum</strong></span> <span class='ocrx_word' id='word_1_74' title='bbox 1220 1349 1256 1405; x_wconf 92' lang='lat' dir='ltr'><strong>ut</strong></span> <span class='ocrx_word' id='word_1_75' title='bbox 1276 1348 1371 1402; x_wconf 86' lang='lat' dir='ltr'><strong>antea</strong></span> 
     </span>
     <span class='ocr_line' id='line_1_10' title="bbox 271 1435 1371 1542; baseline -0.005 -26"><span class='ocrx_word' id='word_1_76' title='bbox 271 1453 454 1537; x_wconf 82' lang='lat' dir='ltr'><strong>notabatur,</strong></span> <span class='ocrx_word' id='word_1_77' title='bbox 477 1435 596 1516; x_wconf 88' lang='lat' dir='ltr'><strong>deinde</strong></span> <span class='ocrx_word' id='word_1_78' title='bbox 621 1475 734 1518; x_wconf 90' lang='lat' dir='ltr'><strong>omnes</strong></span> <span class='ocrx_word' id='word_1_79' title='bbox 758 1439 906 1542; x_wconf 86' lang='lat' dir='ltr'><strong>pluribus</strong></span> <span class='ocrx_word' id='word_1_80' title='bbox 930 1453 1045 1518; x_wconf 91' lang='lat' dir='ltr'><strong>diebus</strong></span> <span class='ocrx_word' id='word_1_81' title='bbox 1069 1451 1282 1533; x_wconf 86' lang='lat' dir='ltr'><strong>celebrarent,</strong></span> <span class='ocrx_word' id='word_1_82' title='bbox 1310 1471 1371 1536; x_wconf 90' lang='lat' dir='ltr'><strong>per</strong></span> 
     </span>
     <span class='ocr_line' id='line_1_11' title="bbox 272 1561 1370 1645; baseline -0.004 -19"><span class='ocrx_word' id='word_1_83' title='bbox 272 1561 418 1626; x_wconf 89' lang='lat' dir='ltr'><strong>triduum</strong></span> <span class='ocrx_word' id='word_1_84' title='bbox 451 1561 553 1627; x_wconf 88' lang='lat' dir='ltr'><strong>festos</strong></span> <span class='ocrx_word' id='word_1_85' title='bbox 592 1561 661 1626; x_wconf 86' lang='lat' dir='ltr'><strong>dios</strong></span> <span class='ocrx_word' id='word_1_86' title='bbox 692 1562 870 1628; x_wconf 85' lang='lat' dir='ltr'><strong>instituisse</strong></span> <span class='ocrx_word' id='word_1_87' title='bbox 902 1571 1056 1645; x_wconf 88' lang='lat' dir='ltr'><strong>testatur,</strong></span> <span class='ocrx_word' id='word_1_88' title='bbox 1096 1561 1370 1645; x_wconf 88' lang='lat' dir='ltr'><strong>eundemque-ut</strong></span> 
     </span>
     <span class='ocr_line' id='line_1_12' title="bbox 272 1669 1370 1758; baseline -0.002 -24"><span class='ocrx_word' id='word_1_89' title='bbox 272 1670 467 1757; x_wconf 89' lang='lat' dir='ltr'><strong>principium</strong></span> <span class='ocrx_word' id='word_1_90' title='bbox 500 1680 533 1734; x_wconf 90' lang='lat' dir='ltr'><strong>et</strong></span> <span class='ocrx_word' id='word_1_91' title='bbox 567 1671 665 1736; x_wconf 88' lang='lat' dir='ltr'><strong>finem</strong></span> <span class='ocrx_word' id='word_1_92' title='bbox 699 1681 786 1736; x_wconf 88' lang='lat' dir='ltr'><strong>certo</strong></span> <span class='ocrx_word' id='word_1_93' title='bbox 821 1671 981 1748; x_wconf 87' lang='lat' dir='ltr'><strong>definiret,</strong></span> <span class='ocrx_word' id='word_1_94' title='bbox 1016 1669 1133 1758; x_wconf 88' lang='lat' dir='ltr'><strong>Opalia</strong></span> <span class='ocrx_word' id='word_1_95' title='bbox 1166 1669 1370 1735; x_wconf 81' lang='lat' dir='ltr'><strong>transtulisse</strong></span> 
     </span>
     <span class='ocr_line' id='line_1_13' title="bbox 273 1779 1370 1866; baseline -0.002 -22"><span class='ocrx_word' id='word_1_96' title='bbox 273 1779 433 1844; x_wconf 85' lang='lat' dir='ltr'><strong>existimo.</strong></span> <span class='ocrx_word' id='word_1_97' title='bbox 465 1779 614 1845; x_wconf 87' lang='lat' dir='ltr'><strong>similiter</strong></span> <span class='ocrx_word' id='word_1_98' title='bbox 636 1780 794 1845; x_wconf 88' lang='lat' dir='ltr'><strong>iudicauit</strong></span> <span class='ocrx_word' id='word_1_99' title='bbox 815 1781 853 1846; x_wconf 87' lang='lat' dir='ltr'><strong>R.</strong></span> <span class='ocrx_word' id='word_1_100' title='bbox 877 1779 1008 1844; x_wconf 88' lang='lat' dir='ltr'><strong>Merkel</strong></span> <span class='ocrx_word' id='word_1_101' title='bbox 1028 1781 1131 1866; x_wconf 82' lang='lat' dir='ltr'><strong>praef.</strong></span> <span class='ocrx_word' id='word_1_102' title='bbox 1157 1779 1255 1846; x_wconf 89' lang='lat' dir='ltr'><strong>Ouid.</strong></span> <span class='ocrx_word' id='word_1_103' title='bbox 1279 1779 1370 1844; x_wconf 83' lang='lat' dir='ltr'><strong>Fest.</strong></span> 
     </span>
     <span class='ocr_line' id='line_1_14' title="bbox 272 1887 1372 1976; baseline -0.002 -24"><span class='ocrx_word' id='word_1_104' title='bbox 272 1912 303 1975; x_wconf 93' lang='lat' dir='ltr'><strong>p.</strong></span> <span class='ocrx_word' id='word_1_105' title='bbox 316 1888 447 1973; x_wconf 87' lang='lat' dir='ltr'>XVIII,</span> <span class='ocrx_word' id='word_1_106' title='bbox 471 1909 567 1973; x_wconf 86' lang='lat' dir='ltr'><strong>quem</strong></span> <span class='ocrx_word' id='word_1_107' title='bbox 590 1898 743 1954; x_wconf 88' lang='lat' dir='ltr'><strong>secuntur</strong></span> <span class='ocrx_word' id='word_1_108' title='bbox 764 1888 995 1976; x_wconf 85' lang='lat' dir='ltr'><strong>LMarquardt</strong></span> <span class='ocrx_word' id='word_1_109' title='bbox 1017 1889 1056 1954; x_wconf 92' lang='lat' dir='ltr'><strong>R.</strong></span> <span class='ocrx_word' id='word_1_110' title='bbox 1078 1890 1121 1954; x_wconf 80' lang='lat' dir='ltr'><strong>A.</strong></span> <span class='ocrx_word' id='word_1_111' title='bbox 1143 1888 1213 1953; x_wconf 90' lang='lat' dir='ltr'>IIII</span> <span class='ocrx_word' id='word_1_112' title='bbox 1247 1912 1276 1975; x_wconf 92' lang='lat' dir='ltr'><strong>p.</strong></span> <span class='ocrx_word' id='word_1_113' title='bbox 1298 1887 1372 1971; x_wconf 80' lang='lat'><strong>460,</strong></span> 
     </span>
     <span class='ocr_line' id='line_1_15' title="bbox 272 1997 1371 2086; baseline -0.003 -23"><span class='ocrx_word' id='word_1_114' title='bbox 272 1999 310 2063; x_wconf 90' lang='lat' dir='ltr'><strong>L.</strong></span> <span class='ocrx_word' id='word_1_115' title='bbox 323 1999 452 2064; x_wconf 89' lang='lat' dir='ltr'><strong>Prellcr</strong></span> <span class='ocrx_word' id='word_1_116' title='bbox 471 2021 572 2064; x_wconf 89' lang='lat' dir='ltr'><strong>roem.</strong></span> <span class='ocrx_word' id='word_1_117' title='bbox 595 2000 697 2084; x_wconf 87' lang='lat' dir='ltr'><strong>myth.</strong></span> <span class='ocrx_word' id='word_1_118' title='bbox 720 2022 752 2086; x_wconf 89' lang='lat' dir='ltr'><strong>p.</strong></span> <span class='ocrx_word' id='word_1_119' title='bbox 767 2001 838 2063; x_wconf 83' lang='lat'><strong>416.</strong></span> <span class='ocrx_word' id='word_1_120' title='bbox 866 1999 951 2064; x_wconf 90' lang='lat' dir='ltr'><strong>hano</strong></span> <span class='ocrx_word' id='word_1_121' title='bbox 969 2006 1079 2064; x_wconf 89' lang='lat' dir='ltr'><strong>autem</strong></span> <span class='ocrx_word' id='word_1_122' title='bbox 1104 1997 1248 2084; x_wconf 84' lang='lat' dir='ltr'><strong>Augusti</strong></span> <span class='ocrx_word' id='word_1_123' title='bbox 1271 2006 1371 2061; x_wconf 85' lang='lat' dir='ltr'><strong>muta-</strong></span> 
     </span>
     <span class='ocr_line' id='line_1_16' title="bbox 275 2105 1372 2195; baseline -0.004 -23"><span class='ocrx_word' id='word_1_124' title='bbox 275 2107 395 2172; x_wconf 89' lang='lat' dir='ltr'><strong>tionem</strong></span> <span class='ocrx_word' id='word_1_125' title='bbox 412 2131 484 2172; x_wconf 90' lang='lat' dir='ltr'><strong>cum</strong></span> <span class='ocrx_word' id='word_1_126' title='bbox 500 2106 692 2191; x_wconf 90' lang='lat' dir='ltr'><strong>quibusdam</strong></span> <span class='ocrx_word' id='word_1_127' title='bbox 707 2107 779 2171; x_wconf 88' lang='lat' dir='ltr'><strong>aliis</strong></span> <span class='ocrx_word' id='word_1_128' title='bbox 798 2107 1005 2172; x_wconf 88' lang='lat' dir='ltr'><strong>coniunctam</strong></span> <span class='ocrx_word' id='word_1_129' title='bbox 1018 2106 1234 2195; x_wconf 86' lang='lat' dir='ltr'><strong>probabiliter</strong></span> <span class='ocrx_word' id='word_1_130' title='bbox 1243 2105 1372 2170; x_wconf 84' lang='lat' dir='ltr'><strong>Merkel</strong></span> 
     </span>
     <span class='ocr_line' id='line_1_17' title="bbox 275 2212 1373 2302; baseline -0.003 -24"><span class='ocrx_word' id='word_1_131' title='bbox 275 2215 332 2279; x_wconf 78' lang='grc'><strong>11.</strong></span> <span class='ocrx_word' id='word_1_132' title='bbox 355 2239 387 2302; x_wconf 91' lang='lat' dir='ltr'><strong>p.</strong></span> <span class='ocrx_word' id='word_1_133' title='bbox 399 2214 469 2280; x_wconf 92' lang='lat' dir='ltr'><strong>HII</strong></span> <span class='ocrx_word' id='word_1_134' title='bbox 491 2215 533 2280; x_wconf 88' lang='lat' dir='ltr'><strong>ad</strong></span> <span class='ocrx_word' id='word_1_135' title='bbox 556 2214 712 2280; x_wconf 85' lang='lat' dir='ltr'><strong>fastorum</strong></span> <span class='ocrx_word' id='word_1_136' title='bbox 734 2214 972 2280; x_wconf 87' lang='lat' dir='ltr'><strong>ordinationem</strong></span> <span class='ocrx_word' id='word_1_137' title='bbox 990 2216 1030 2279; x_wconf 88' lang='lat' dir='ltr'><strong>ab</strong></span> <span class='ocrx_word' id='word_1_138' title='bbox 1053 2236 1091 2279; x_wconf 91' lang='lat' dir='ltr'><strong>eo</strong></span> <span class='ocrx_word' id='word_1_139' title='bbox 1114 2215 1230 2279; x_wconf 83' lang='lat' dir='ltr'><strong>factam</strong></span> <span class='ocrx_word' id='word_1_140' title='bbox 1247 2212 1373 2277; x_wconf 88' lang='lat' dir='ltr'><strong>rettulit</strong></span> 
     </span>
     <span class='ocr_line' id='line_1_18' title="bbox 276 2305 1373 2411; baseline -0.003 -23"><span class='ocrx_word' id='word_1_141' title='bbox 276 2346 411 2408; x_wconf 89' lang='lat' dir='ltr'><strong>eamque</strong></span> <span class='ocrx_word' id='word_1_142' title='bbox 428 2348 455 2388; x_wconf 90' lang='lat' dir='ltr'><strong>a.</strong></span> <span class='ocrx_word' id='word_1_143' title='bbox 468 2305 792 2392; x_wconf 68' lang='lat' dir='ltr'><strong>urIlOOXXXXVI</strong></span> <span class='ocrx_word' id='word_1_144' title='bbox 814 2323 997 2411; x_wconf 83' lang='lat' dir='ltr'><strong>adscripsit.</strong></span> <span class='ocrx_word' id='word_1_145' title='bbox 1018 2323 1105 2408; x_wconf 89' lang='lat' dir='ltr'><strong>quod</strong></span> <span class='ocrx_word' id='word_1_146' title='bbox 1127 2323 1153 2388; x_wconf 90' lang='lat' dir='ltr'><strong>si</strong></span> <span class='ocrx_word' id='word_1_147' title='bbox 1175 2343 1290 2386; x_wconf 90' lang='lat' dir='ltr'><strong>uerum</strong></span> <span class='ocrx_word' id='word_1_148' title='bbox 1314 2330 1373 2404; x_wconf 88' lang='lat' dir='ltr'><strong>cst,</strong></span> 
     </span>
     <span class='ocr_line' id='line_1_19' title="bbox 277 2431 1374 2518; baseline -0.005 -19"><span class='ocrx_word' id='word_1_149' title='bbox 277 2435 333 2499; x_wconf 86' lang='lat' dir='ltr'><strong>illa</strong></span> <span class='ocrx_word' id='word_1_150' title='bbox 358 2458 381 2504; x_wconf 83' lang='lat' dir='ltr'><strong>¹a</strong></span> <span class='ocrx_word' id='word_1_151' title='bbox 402 2432 562 2518; x_wconf 87' lang='lat' dir='ltr'><strong>Varrone,</strong></span> <span class='ocrx_word' id='word_1_152' title='bbox 593 2434 646 2518; x_wconf 89' lang='lat' dir='ltr'><strong>qui</strong></span> <span class='ocrx_word' id='word_1_153' title='bbox 666 2433 878 2500; x_wconf 84' lang='lat' dir='ltr'><strong>DCOXXVI</strong></span> <span class='ocrx_word' id='word_1_154' title='bbox 907 2443 1052 2498; x_wconf 87' lang='lat' dir='ltr'><strong>mortuus</strong></span> <span class='ocrx_word' id='word_1_155' title='bbox 1074 2442 1144 2518; x_wconf 87' lang='lat' dir='ltr'><strong>est,</strong></span> <span class='ocrx_word' id='word_1_156' title='bbox 1178 2431 1277 2496; x_wconf 87' lang='lat' dir='ltr'><strong>scribi</strong></span> <span class='ocrx_word' id='word_1_157' title='bbox 1308 2453 1374 2496; x_wconf 90' lang='lat' dir='ltr'><strong>non</strong></span> 
     </span>
     <span class='ocr_line' id='line_1_20' title="bbox 279 2541 1408 2629; baseline -0.005 -21"><span class='ocrx_word' id='word_1_158' title='bbox 279 2551 463 2629; x_wconf 88' lang='lat' dir='ltr'><strong>potuerunt.</strong></span> <span class='ocrx_word' id='word_1_159' title='bbox 485 2543 604 2607; x_wconf 87' lang='lat' dir='ltr'><strong>sciolus</strong></span> <span class='ocrx_word' id='word_1_160' title='bbox 632 2564 711 2628; x_wconf 90' lang='lat' dir='ltr'><strong>ergo</strong></span> <span class='ocrx_word' id='word_1_161' title='bbox 736 2542 867 2627; x_wconf 86' lang='lat' dir='ltr'><strong>qnidam</strong></span> <span class='ocrx_word' id='word_1_162' title='bbox 889 2543 1083 2623; x_wconf 89' lang='lat' dir='ltr'><strong>Varronem,</strong></span> <span class='ocrx_word' id='word_1_163' title='bbox 1112 2565 1177 2606; x_wconf 91' lang='lat' dir='ltr'><strong>non</strong></span> <span class='ocrx_word' id='word_1_164' title='bbox 1199 2541 1306 2604; x_wconf 86' lang='lat' dir='ltr'><strong>Varro</strong></span> <span class='ocrx_word' id='word_1_165' title='bbox 1337 2560 1373 2603; x_wconf 86' lang='lat' dir='ltr'><strong>se</strong></span> <span class='ocrx_word' id='word_1_166' title='bbox 1405 2544 1408 2548; x_wconf 84' lang='grc'><strong>’</strong></span> 
     </span>
     <span class='ocr_line' id='line_1_21' title="bbox 279 2637 1372 2740; baseline -0.004 -24"><span class='ocrx_word' id='word_1_167' title='bbox 279 2637 349 2740; x_wconf 83' lang='lat' dir='ltr'><strong>ipse</strong></span> <span class='ocrx_word' id='word_1_168' title='bbox 385 2652 529 2716; x_wconf 88' lang='lat' dir='ltr'><strong>correxit</strong></span> <span class='ocrx_word' id='word_1_169' title='bbox 560 2652 712 2739; x_wconf 84' lang='lat' dir='ltr'><strong>illiusque</strong></span> <span class='ocrx_word' id='word_1_170' title='bbox 744 2651 853 2717; x_wconf 90' lang='lat' dir='ltr'><strong>uerbis</strong></span> <span class='ocrx_word' id='word_1_171' title='bbox 888 2650 1013 2717; x_wconf 86' lang='lat' dir='ltr'><strong>addidit</strong></span> <span class='ocrx_word' id='word_1_172' title='bbox 1041 2662 1109 2732; x_wconf 82' lang='lat' dir='ltr'><strong>post</strong></span> <span class='ocrx_word' id='word_1_173' title='bbox 1139 2658 1216 2716; x_wconf 75' lang='lat' dir='ltr'><strong>altem</strong></span> <span class='ocrx_word' id='word_1_174' title='bbox 1247 2657 1372 2723; x_wconf 71' lang='lat' dir='ltr'><strong>tertiam,</strong></span> 
     </span>
     <span class='ocr_line' id='line_1_22' title="bbox 281 2757 1372 2849; baseline -0.003 -23"><span class='ocrx_word' id='word_1_175' title='bbox 281 2762 398 2849; x_wconf 88' lang='lat' dir='ltr'><strong>quibus</strong></span> <span class='ocrx_word' id='word_1_176' title='bbox 425 2760 540 2827; x_wconf 89' lang='lat' dir='ltr'><strong>deletis</strong></span> <span class='ocrx_word' id='word_1_177' title='bbox 570 2761 697 2847; x_wconf 91' lang='lat' dir='ltr'><strong>reliqua</strong></span> <span class='ocrx_word' id='word_1_178' title='bbox 728 2773 760 2827; x_wconf 84' lang='lat' dir='ltr'><strong>at</strong></span> <span class='ocrx_word' id='word_1_179' title='bbox 788 2769 898 2842; x_wconf 77' lang='lat' dir='ltr'><strong>Opalia</strong></span> <span class='ocrx_word' id='word_1_180' title='bbox 915 2769 991 2842; x_wconf 79' lang='lat' dir='ltr'><strong>Opts</strong></span> <span class='ocrx_word' id='word_1_181' title='bbox 1025 2760 1146 2846; x_wconf 89' lang='lat' dir='ltr'><strong>optime</strong></span> <span class='ocrx_word' id='word_1_182' title='bbox 1178 2781 1212 2825; x_wconf 87' lang='lat' dir='ltr'><strong>se</strong></span> <span class='ocrx_word' id='word_1_183' title='bbox 1240 2757 1372 2823; x_wconf 89' lang='lat' dir='ltr'><strong>habent.</strong></span> 
     </span>
     <span class='ocr_line' id='line_1_23' title="bbox 279 2871 1372 2960; baseline -0.004 -24"><span class='ocrx_word' id='word_1_184' title='bbox 279 2873 367 2936; x_wconf 92' lang='lat' dir='ltr'><strong>hunc</strong></span> <span class='ocrx_word' id='word_1_185' title='bbox 399 2881 505 2936; x_wconf 89' lang='lat' dir='ltr'><strong>autem</strong></span> <span class='ocrx_word' id='word_1_186' title='bbox 534 2871 665 2936; x_wconf 87' lang='lat' dir='ltr'><strong>unicum</strong></span> <span class='ocrx_word' id='word_1_187' title='bbox 688 2874 795 2938; x_wconf 90' lang='lat' dir='ltr'><strong>locum</strong></span> <span class='ocrx_word' id='word_1_188' title='bbox 827 2897 900 2938; x_wconf 91' lang='lat' dir='ltr'><strong>cum</strong></span> <span class='ocrx_word' id='word_1_189' title='bbox 930 2873 1058 2938; x_wconf 87' lang='lat' dir='ltr'><strong>adferre</strong></span> <span class='ocrx_word' id='word_1_190' title='bbox 1086 2882 1206 2960; x_wconf 89' lang='lat' dir='ltr'><strong>posset,</strong></span> <span class='ocrx_word' id='word_1_191' title='bbox 1240 2881 1314 2936; x_wconf 89' lang='lat' dir='ltr'><strong>ante</strong></span> <span class='ocrx_word' id='word_1_192' title='bbox 1345 2894 1372 2933; x_wconf 91' lang='lat' dir='ltr'><strong>a.</strong></span> 
     </span>
     <span class='ocr_line' id='line_1_24' title="bbox 279 2978 996 3069; baseline -0.001 -22"><span class='ocrx_word' id='word_1_193' title='bbox 279 2978 464 3047; x_wconf 81' lang='lat' dir='ltr'>DOOVHI</span> <span class='ocrx_word' id='word_1_194' title='bbox 486 2981 585 3046; x_wconf 91' lang='lat' dir='ltr'><strong>libros</strong></span> <span class='ocrx_word' id='word_1_195' title='bbox 609 2981 747 3069; x_wconf 88' lang='lat' dir='ltr'><strong>scriptos</strong></span> <span class='ocrx_word' id='word_1_196' title='bbox 769 3003 839 3046; x_wconf 89' lang='lat' dir='ltr'><strong>esse</strong></span> <span class='ocrx_word' id='word_1_197' title='bbox 862 2990 996 3046; x_wconf 90' lang='lat' dir='ltr'><strong>constat.</strong></span> 
     </span>
    </p>

    <p class='ocr_par' dir='ltr' id='par_1_3' title="bbox 263 3088 1376 4375">
     <span class='ocr_line' id='line_1_25' title="bbox 378 3088 1374 3178; baseline -0.005 -24"><span class='ocrx_word' id='word_1_198' title='bbox 378 3089 513 3154; x_wconf 87' lang='lat' dir='ltr'><strong>Restant</strong></span> <span class='ocrx_word' id='word_1_199' title='bbox 535 3111 573 3154; x_wconf 91' lang='lat' dir='ltr'><strong>ea</strong></span> <span class='ocrx_word' id='word_1_200' title='bbox 596 3090 711 3175; x_wconf 89' lang='lat' dir='ltr'><strong>quibus</strong></span> <span class='ocrx_word' id='word_1_201' title='bbox 734 3090 874 3176; x_wconf 88' lang='lat' dir='ltr'><strong>uestigia</strong></span> <span class='ocrx_word' id='word_1_202' title='bbox 897 3090 1004 3178; x_wconf 89' lang='lat' dir='ltr'><strong>operis</strong></span> <span class='ocrx_word' id='word_1_203' title='bbox 1021 3089 1166 3154; x_wconf 91' lang='lat' dir='ltr'><strong>nondum</strong></span> <span class='ocrx_word' id='word_1_204' title='bbox 1181 3088 1320 3154; x_wconf 89' lang='lat' dir='ltr'><strong>absoluti</strong></span> <span class='ocrx_word' id='word_1_205' title='bbox 1342 3095 1374 3150; x_wconf 91' lang='lat' dir='ltr'><strong>et</strong></span> 
     </span>
     <span class='ocr_line' id='line_1_26' title="bbox 281 3195 1374 3284; baseline 0 -25"><span class='ocrx_word' id='word_1_206' title='bbox 281 3196 500 3260; x_wconf 88' lang='lat' dir='ltr'><strong>additamenta</strong></span> <span class='ocrx_word' id='word_1_207' title='bbox 521 3197 711 3284; x_wconf 88' lang='lat' dir='ltr'><strong>posterioris</strong></span> <span class='ocrx_word' id='word_1_208' title='bbox 730 3198 969 3270; x_wconf 84' lang='lat' dir='ltr'><strong>retractationis</strong></span> <span class='ocrx_word' id='word_1_209' title='bbox 987 3219 1165 3284; x_wconf 85' lang='lat' dir='ltr'><strong>agnoscere</strong></span> <span class='ocrx_word' id='word_1_210' title='bbox 1178 3195 1219 3264; x_wconf 93' lang='grc' dir='ltr'><strong>Ο.</strong></span> <span class='ocrx_word' id='word_1_211' title='bbox 1233 3196 1374 3262; x_wconf 88' lang='lat' dir='ltr'><strong>Mueller</strong></span> 
     </span>
     <span class='ocr_line' id='line_1_27' title="bbox 282 3296 1374 3392; baseline -0.002 -22"><span class='ocrx_word' id='word_1_212' title='bbox 282 3304 344 3370; x_wconf 87' lang='lat' dir='ltr'><strong>sibi</strong></span> <span class='ocrx_word' id='word_1_213' title='bbox 368 3296 455 3370; x_wconf 85' lang='lat' dir='ltr'><strong>uisus</strong></span> <span class='ocrx_word' id='word_1_214' title='bbox 481 3316 539 3370; x_wconf 89' lang='lat' dir='ltr'><strong>est.</strong></span> <span class='ocrx_word' id='word_1_215' title='bbox 564 3327 605 3370; x_wconf 84' lang='lat' dir='ltr'><strong>ex</strong></span> <span class='ocrx_word' id='word_1_216' title='bbox 627 3307 677 3372; x_wconf 87' lang='lat' dir='ltr'><strong>his</strong></span> <span class='ocrx_word' id='word_1_217' title='bbox 700 3328 779 3371; x_wconf 85' lang='lat' dir='ltr'><strong>uero</strong></span> <span class='ocrx_word' id='word_1_218' title='bbox 809 3307 886 3372; x_wconf 89' lang='lat' dir='ltr'><strong>solis</strong></span> <span class='ocrx_word' id='word_1_219' title='bbox 916 3307 1091 3392; x_wconf 89' lang='lat' dir='ltr'><strong>quidquam</strong></span> <span class='ocrx_word' id='word_1_220' title='bbox 1125 3306 1258 3371; x_wconf 85' lang='lat' dir='ltr'><strong>efficere</strong></span> <span class='ocrx_word' id='word_1_221' title='bbox 1287 3306 1374 3370; x_wconf 89' lang='lat' dir='ltr'><strong>uelle</strong></span> 
     </span>
     <span class='ocr_line' id='line_1_28' title="bbox 282 3415 1374 3504; baseline -0.002 -24"><span class='ocrx_word' id='word_1_222' title='bbox 282 3437 377 3499; x_wconf 89' lang='lat' dir='ltr'><strong>quam</strong></span> <span class='ocrx_word' id='word_1_223' title='bbox 401 3415 620 3501; x_wconf 88' lang='lat' dir='ltr'><strong>periculosum</strong></span> <span class='ocrx_word' id='word_1_224' title='bbox 643 3424 674 3479; x_wconf 91' lang='lat' dir='ltr'><strong>et</strong></span> <span class='ocrx_word' id='word_1_225' title='bbox 696 3415 856 3480; x_wconf 91' lang='lat' dir='ltr'><strong>lubricum</strong></span> <span class='ocrx_word' id='word_1_226' title='bbox 887 3417 928 3480; x_wconf 89' lang='lat' dir='ltr'><strong>sit</strong></span> <span class='ocrx_word' id='word_1_227' title='bbox 958 3425 1095 3504; x_wconf 86' lang='lat' dir='ltr'><strong>apparet</strong></span> <span class='ocrx_word' id='word_1_228' title='bbox 1119 3417 1153 3481; x_wconf 91' lang='lat' dir='ltr'><strong>in</strong></span> <span class='ocrx_word' id='word_1_229' title='bbox 1183 3437 1283 3502; x_wconf 90' lang='lat' dir='ltr'><strong>opere</strong></span> <span class='ocrx_word' id='word_1_230' title='bbox 1310 3423 1374 3478; x_wconf 88' lang='lat' dir='ltr'><strong>tam</strong></span> 
     </span>
     <span class='ocr_line' id='line_1_29' title="bbox 281 3521 1375 3610; baseline -0.003 -22"><span class='ocrx_word' id='word_1_231' title='bbox 281 3522 399 3588; x_wconf 87' lang='lat' dir='ltr'><strong>misere</strong></span> <span class='ocrx_word' id='word_1_232' title='bbox 429 3533 582 3609; x_wconf 90' lang='lat' dir='ltr'><strong>corrupto</strong></span> <span class='ocrx_word' id='word_1_233' title='bbox 616 3525 744 3588; x_wconf 86' lang='lat' dir='ltr'><strong>turbato</strong></span> <span class='ocrx_word' id='word_1_234' title='bbox 776 3533 922 3590; x_wconf 86' lang='lat' dir='ltr'><strong>truncato</strong></span> <span class='ocrx_word' id='word_1_235' title='bbox 954 3524 1159 3610; x_wconf 87' lang='lat' dir='ltr'><strong>interpolato,</strong></span> <span class='ocrx_word' id='word_1_236' title='bbox 1193 3547 1288 3608; x_wconf 85' lang='lat' dir='ltr'><strong>quam</strong></span> <span class='ocrx_word' id='word_1_237' title='bbox 1318 3521 1375 3586; x_wconf 85' lang='lat' dir='ltr'><strong>uix</strong></span> 
     </span>
     <span class='ocr_line' id='line_1_30' title="bbox 263 3631 1375 3721; baseline -0.002 -25"><span class='ocrx_word' id='word_1_238' title='bbox 263 3631 378 3696; x_wconf 81' lang='lat' dir='ltr'><strong>alind.</strong></span> <span class='ocrx_word' id='word_1_239' title='bbox 399 3631 455 3695; x_wconf 91' lang='lat' dir='ltr'><strong>sed</strong></span> <span class='ocrx_word' id='word_1_240' title='bbox 480 3631 577 3696; x_wconf 91' lang='lat' dir='ltr'><strong>ctiam</strong></span> <span class='ocrx_word' id='word_1_241' title='bbox 601 3655 683 3720; x_wconf 90' lang='lat' dir='ltr'><strong>quae</strong></span> <span class='ocrx_word' id='word_1_242' title='bbox 707 3634 802 3698; x_wconf 90' lang='lat' dir='ltr'><strong>huius</strong></span> <span class='ocrx_word' id='word_1_243' title='bbox 824 3633 958 3720; x_wconf 87' lang='lat' dir='ltr'><strong>generis</strong></span> <span class='ocrx_word' id='word_1_244' title='bbox 975 3633 1115 3698; x_wconf 91' lang='lat' dir='ltr'><strong>Mueller</strong></span> <span class='ocrx_word' id='word_1_245' title='bbox 1128 3633 1162 3698; x_wconf 89' lang='lat' dir='ltr'><strong>in</strong></span> <span class='ocrx_word' id='word_1_246' title='bbox 1174 3631 1375 3721; x_wconf 87' lang='lat' dir='ltr'><strong>praefatione</strong></span> 
     </span>
     <span class='ocr_line' id='line_1_31' title="bbox 282 3740 1375 3832; baseline -0.002 -28"><span class='ocrx_word' id='word_1_247' title='bbox 282 3751 445 3824; x_wconf 86' lang='lat' dir='ltr'><strong>tamquam</strong></span> <span class='ocrx_word' id='word_1_248' title='bbox 469 3740 660 3832; x_wconf 90' lang='lat' dir='ltr'><strong>grauissima</strong></span> <span class='ocrx_word' id='word_1_249' title='bbox 683 3741 817 3827; x_wconf 85' lang='lat' dir='ltr'><strong>collegit</strong></span> <span class='ocrx_word' id='word_1_250' title='bbox 838 3741 920 3805; x_wconf 92' lang='lat' dir='ltr'><strong>nihil</strong></span> <span class='ocrx_word' id='word_1_251' title='bbox 940 3742 1091 3828; x_wconf 91' lang='lat' dir='ltr'><strong>probant.</strong></span> <span class='ocrx_word' id='word_1_252' title='bbox 1116 3740 1193 3827; x_wconf 91' lang='lat' dir='ltr'><strong>quid</strong></span> <span class='ocrx_word' id='word_1_253' title='bbox 1216 3762 1255 3805; x_wconf 90' lang='lat' dir='ltr'><strong>eo</strong></span> <span class='ocrx_word' id='word_1_254' title='bbox 1279 3740 1375 3806; x_wconf 84' lang='lat' dir='ltr'><strong>effici-</strong></span> 
     </span>
     <span class='ocr_line' id='line_1_32' title="bbox 283 3831 1375 3939; baseline -0.003 -24"><span class='ocrx_word' id='word_1_255' title='bbox 283 3860 343 3929; x_wconf 88' lang='lat' dir='ltr'><strong>tur,</strong></span> <span class='ocrx_word' id='word_1_256' title='bbox 368 3851 454 3937; x_wconf 91' lang='lat' dir='ltr'><strong>quod</strong></span> <span class='ocrx_word' id='word_1_257' title='bbox 474 3851 579 3914; x_wconf 86' lang='lat' dir='ltr'><strong>Varro</strong></span> <span class='ocrx_word' id='word_1_258' title='bbox 601 3849 634 3914; x_wconf 91' lang='lat' dir='ltr'><strong>in</strong></span> <span class='ocrx_word' id='word_1_259' title='bbox 657 3861 802 3916; x_wconf 87' lang='lat' dir='ltr'><strong>extremo</strong></span> <span class='ocrx_word' id='word_1_260' title='bbox 825 3831 909 3914; x_wconf 93' lang='lat' dir='ltr'><strong>libro</strong></span> <span class='ocrx_word' id='word_1_261' title='bbox 931 3849 1067 3937; x_wconf 88' lang='lat' dir='ltr'><strong>septimo</strong></span> <span class='ocrx_word' id='word_1_262' title='bbox 1088 3860 1161 3939; x_wconf 88' lang='lat' dir='ltr'><strong>post</strong></span> <span class='ocrx_word' id='word_1_263' title='bbox 1172 3849 1278 3916; x_wconf 88' lang='lat' dir='ltr'><strong>Naeui</strong></span> <span class='ocrx_word' id='word_1_264' title='bbox 1292 3848 1375 3914; x_wconf 82' lang='lat' dir='ltr'><strong>Enni</strong></span> 
     </span>
     <span class='ocr_line' id='line_1_33' title="bbox 283 3957 1375 4047; baseline -0.001 -24"><span class='ocrx_word' id='word_1_265' title='bbox 283 3982 411 4044; x_wconf 88' lang='lat' dir='ltr'><strong>quoque</strong></span> <span class='ocrx_word' id='word_1_266' title='bbox 424 3960 531 4025; x_wconf 87' lang='lat' dir='ltr'><strong>Plauti</strong></span> <span class='ocrx_word' id='word_1_267' title='bbox 544 3960 681 4026; x_wconf 90' lang='lat' dir='ltr'><strong>aliorum</strong></span> <span class='ocrx_word' id='word_1_268' title='bbox 703 3957 847 4040; x_wconf 74' lang='grc' dir='ltr'><em>γλώσσας</em></span> <span class='ocrx_word' id='word_1_269' title='bbox 867 3981 989 4047; x_wconf 89' lang='lat' dir='ltr'><strong>ponere</strong></span> <span class='ocrx_word' id='word_1_270' title='bbox 1011 3959 1152 4025; x_wconf 89' lang='lat' dir='ltr'><strong>uoluerit</strong></span> <span class='ocrx_word' id='word_1_271' title='bbox 1166 3964 1210 4046; x_wconf 85' lang='lat' dir='ltr'><strong>(p.</strong></span> <span class='ocrx_word' id='word_1_272' title='bbox 1223 3959 1300 4043; x_wconf 74' lang='lat' dir='ltr'><strong>XI),</strong></span> <span class='ocrx_word' id='word_1_273' title='bbox 1315 3960 1375 4023; x_wconf 89' lang='lat' dir='ltr'><strong>hae</strong></span> 
     </span>
     <span class='ocr_line' id='line_1_34' title="bbox 283 4068 1375 4156; baseline 0 -24"><span class='ocrx_word' id='word_1_274' title='bbox 283 4077 391 4132; x_wconf 87' lang='lat' dir='ltr'><strong>autem</strong></span> <span class='ocrx_word' id='word_1_275' title='bbox 413 4068 542 4134; x_wconf 79' lang='lat' dir='ltr'><strong>desint?</strong></span> <span class='ocrx_word' id='word_1_276' title='bbox 567 4069 673 4156; x_wconf 92' lang='lat' dir='ltr'><strong>potuit</strong></span> <span class='ocrx_word' id='word_1_277' title='bbox 692 4069 754 4132; x_wconf 90' lang='lat' dir='ltr'><strong>hoc</strong></span> <span class='ocrx_word' id='word_1_278' title='bbox 778 4071 896 4152; x_wconf 86' lang='lat' dir='ltr'><strong>facere,</strong></span> <span class='ocrx_word' id='word_1_279' title='bbox 927 4078 1117 4156; x_wconf 86' lang='lat' dir='ltr'><strong>expectares</strong></span> <span class='ocrx_word' id='word_1_280' title='bbox 1151 4071 1289 4134; x_wconf 82' lang='lat' dir='ltr'><strong>fortasse</strong></span> <span class='ocrx_word' id='word_1_281' title='bbox 1312 4069 1375 4133; x_wconf 84' lang='lat' dir='ltr'><strong>fac-</strong></span> 
     </span>
     <span class='ocr_line' id='line_1_35' title="bbox 283 4176 1376 4263; baseline 0.001 -23"><span class='ocrx_word' id='word_1_282' title='bbox 283 4186 351 4241; x_wconf 88' lang='lat' dir='ltr'><strong>tum</strong></span> <span class='ocrx_word' id='word_1_283' title='bbox 382 4179 549 4263; x_wconf 83' lang='lat' dir='ltr'><strong>esse,sed</strong></span> <span class='ocrx_word' id='word_1_284' title='bbox 579 4201 645 4244; x_wconf 93' lang='lat' dir='ltr'><strong>non</strong></span> <span class='ocrx_word' id='word_1_285' title='bbox 680 4176 767 4243; x_wconf 82' lang='lat' dir='ltr'><strong>feeit.</strong></span> <span class='ocrx_word' id='word_1_286' title='bbox 799 4177 861 4241; x_wconf 92' lang='lat' dir='ltr'><strong>nisi</strong></span> <span class='ocrx_word' id='word_1_287' title='bbox 893 4179 978 4243; x_wconf 87' lang='lat' dir='ltr'><strong>forte</strong></span> <span class='ocrx_word' id='word_1_288' title='bbox 1006 4189 1039 4242; x_wconf 89' lang='lat' dir='ltr'><strong>et</strong></span> <span class='ocrx_word' id='word_1_289' title='bbox 1064 4178 1126 4242; x_wconf 91' lang='lat' dir='ltr'><strong>hoe</strong></span> <span class='ocrx_word' id='word_1_290' title='bbox 1150 4178 1223 4243; x_wconf 92' lang='lat' dir='ltr'><strong>loco</strong></span> <span class='ocrx_word' id='word_1_291' title='bbox 1251 4177 1376 4242; x_wconf 90' lang='lat' dir='ltr'><strong>librarii</strong></span> 
     </span>
     <span class='ocr_line' id='line_1_36' title="bbox 284 4286 1375 4375; baseline 0 -25"><span class='ocrx_word' id='word_1_292' title='bbox 284 4287 450 4353; x_wconf 88' lang='lat' dir='ltr'><strong>cuiusdam</strong></span> <span class='ocrx_word' id='word_1_293' title='bbox 480 4288 614 4374; x_wconf 86' lang='lat' dir='ltr'><strong>pigritia</strong></span> <span class='ocrx_word' id='word_1_294' title='bbox 642 4286 768 4373; x_wconf 89' lang='lat' dir='ltr'><strong>reliqua</strong></span> <span class='ocrx_word' id='word_1_295' title='bbox 802 4312 820 4352; x_wconf 88' lang='lat' dir='ltr'><strong>a</strong></span> <span class='ocrx_word' id='word_1_296' title='bbox 847 4287 1005 4375; x_wconf 86' lang='lat' dir='ltr'><strong>scriptore</strong></span> <span class='ocrx_word' id='word_1_297' title='bbox 1032 4287 1142 4353; x_wconf 87' lang='lat' dir='ltr'><strong>addita</strong></span> <span class='ocrx_word' id='word_1_298' title='bbox 1166 4286 1282 4354; x_wconf 89' lang='lat' dir='ltr'><strong>omisit.</strong></span> <span class='ocrx_word' id='word_1_299' title='bbox 1314 4308 1375 4352; x_wconf 87' lang='lat' dir='ltr'><strong>nec</strong></span> 
     </span>
    </p>
   </div>
   <div class='ocr_carea' id='block_1_3' title="bbox 0 0 1595 5140">
    <p class='ocr_par' dir='ltr' id='par_1_4' title="bbox 0 0 1595 5140">
     <span class='ocr_line' id='line_1_37' title="bbox 0 0 1595 5140; baseline 0 0"><span class='ocrx_word' id='word_1_300' title='bbox 0 0 1595 5140; x_wconf 95' lang='lat' dir='ltr'><strong> </strong></span> 
     </span>
    </p>
   </div>
  </div>
 </body>
</html>
