3126 5146
807 457 846 514 74

284 653 341 696 aua
371 630 430 696 der
445 631 541 696 'auch
562 630 615 696 die
639 629 821 696 aunaeehst
837 629 1017 718 folgenden
1040 629 1289 714 hemerkungon
1312 637 1381 694 ent·

284 739 377 803 lshnt
399 739 469 805 sein
493 740 636 806 werden.
673 739 758 804 ohne
773 739 909 806 aweifel
929 739 1069 823 gehoert
1091 738 1172 803 alles
1193 759 1301 823 gener
1324 762 1379 802 an*

284 869 438 914 sammon.
481 850 587 916 Varro
612 849 767 916 handelte
794 870 859 913 von
889 849 954 914 den
983 846 1243 931 interiectionen,
1276 847 1380 912 dureh

284 959 410 1024 welche
431 981 515 1044 gana
536 959 779 1044 roraugsueise
801 959 855 1024 ein
878 957 1197 1027 oharaeteristiseher
1213 955 1379 1022 ausdruok

284 1068 347 1133 der·
365 1068 718 1154 gemuethsstimmnng
738 1067 1019 1154 hervorgebraoht
1033 1067 1127 1151 wind,
1147 1066 1215 1132 und
1229 1065 1378 1152 angleieh

285 1197 349 1242 von
371 1176 496 1242 andern
517 1178 643 1243 mitteln
658 1178 718 1242 der
740 1177 968 1266 spraohliohen
986 1177 1200 1263 dorstellung‚
1222 1199 1276 1242 um
1292 1176 1383 1241 disse

284 1285 438 1372 wirkung
460 1309 500 1350 an
525 1287 708 1351 erreiohen.
751 1286 845 1352 dabei
867 1287 958 1351 hatte
981 1307 1115 1350 ervom
1139 1279 1218 1365 ἦθυς
1238 1284 1380 1351 undeci-

286 1399 344 1466 θος
360 1395 570 1481 gesproehen
589 1395 657 1460 und
679 1395 732 1460 die
754 1395 881 1460 diohter
902 1397 961 1460 auf
977 1394 1079 1462 deren
1102 1394 1239 1481 beispiel
1255 1417 1291 1459 er
1310 1394 1381 1460 sioh

286 1503 424 1572 berullen
446 1513 578 1584 museto,
602 1505 685 1570 naeh
715 1504 823 1574 dieser
843 1503 997 1590 rio'htung
1024 1507 1105 1570 kurs
1126 1504 1381 1569 oharekterisirt.

286 1634 321 1676 so
343 1613 488 1686 erkleert
503 1613 571 1678 siah
585 1613 637 1679 die
659 1624 750 1679 sonet
770 1608 968 1678 uuffallende
991 1613 1212 1700 erseheinung
1235 1613 1269 1677 in
1293 1614 1383 1678 einer

285 1721 558 1807 grammatisohen
580 1725 697 1790 schrift
718 1723 760 1789 de
782 1723 882 1788 latino
907 1743 1060 1788 sermone
1081 1723 1154 1788 eine
1175 1723 1382 1807 bemerlrnng

235 1829 241 1846 '
286 1829 395 1898 dieser
415 1841 467 1897 art
487 1855 528 1896 au
549 1833 680 1900 finden?
708 1843 811 1898 artem
834 1828 899 1912 ἤθη
920 1841 954 1896 et
975 1829 1173 1912 adherente
1196 1841 1228 1896 et
1244 1832 1384 1919 pulchre

286 1940 491 2029 exprimendi
497 1941 538 2006 'et
546 1942 729 2008 oratoribus
742 1951 774 2006 et
788 1942 893 2030 poetis
906 1963 977 2007 esse
1001 1941 1140 2006 maxime
1162 1925 1382 2007 neeessariam

199 2081 208 2098 ·
286 2050 406 2118 Oieoro
417 2060 497 2116 orat.
509 2051 561 2135 37,
574 2052 645 2116 128.
657 2051 682 2130 ¹)
721 2050 918 2134 Quintuinst.
931 2049 1064 2117 orat.VI
1081 2051 1112 2134 2,
1122 2051 1218 2136 8qu
1235 2050 1381 2118 Meurdbi

287 2181 369 2243 quae
394 2181 436 2222 ex
456 2157 541 2224 libro
556 2160 807 2228 saturnaliorum
820 2160 891 2226 IIII
905 2159 1117 2226 extantsatis
1141 2160 1325 2243 ostendunt,
1348 2159 1382 2224 in
1430 2240 1432 2245 Ι

286 2268 336 2332 his
355 2267 459 2353 igitur
480 2266 581 2352 libris,
603 2267 719 2354 quibus
741 2269 826 2354 quid·
846 2292 927 2356 pura
948 2279 981 2334 et
1001 2271 1135 2356 elegans
1157 2269 1310 2336 latinitas¹
1328 2291 1383 2357 po·

287 2378 424 2442 stularet
445 2377 630 2463 docebatur,
655 2401 726 2444 rem
757 2387 823 2443 tam
847 2379 959 2465 magni
980 2379 1137 2444 momenti
1157 2379 1319 2444 intactam*
1333 2401 1382 2442 re·

286 2487 435 2572 linquere
456 2511 523 2553 nun
540 2489 641 2556 licuit.
676 2511 695 2553 e
716 2491 788 2556 loeo
809 2499 920 2555 nostro
951 2511 1031 2555 uero
1054 2489 1150 2555 facile
1178 2468 1383 2574 intellegitur

285 2595 320 2660 in
341 2595 425 2663 libro
445 2596 556 2681 quinto
575 2597 828 2663 continentis
851 2599 1053 2664 sermonis
1075 2599 1264 2662 uirtutes
1283 2619 1383 2684 expo-

286 2703 364 2768 sitas
384 2704 497 2787 fuisse,
522 2705 611 2792 quod
634 2715 863 2792 urgumentnm
887 2728 983 2792 quam
1014 2727 1116 2795 prope
1143 2706 1184 2770 ad
1213 2707 1381 2771 rhetorum

287 2822 460 2900 praerepta
491 2813 531 2878 de
563 2814 685 2880 eisdem
714 2817 812 2882 rebus
840 2817 972 2882 aoeedat
1004 2839 1062 2881 sua
1089 2825 1206 2903 sponte
1234 2815 1380 2903 adparet.

218 2997 220 3000 ¹
286 2943 382 2986 nemo
405 2921 546 3006 ignoret,
567 2913 686 3008 quanta
699 2925 877 2990 subtilitate
900 2935 932 2989 et
944 2925 1101 2991 rhetores
1123 2935 1155 2989 et
1176 2923 1380 3012 grammatici

287 3029 328 3094 de
347 3029 522 3096 uirtutibus
544 3040 576 3096 et
598 3031 690 3098 uitiis
712 3033 866 3100 orationis
891 3033 1052 3098 disserent
1065 3042 1097 3097 et
1110 3032 1254 3098 infinitas
1269 3053 1382 3098 eorum

286 3139 477 3225 partitiones
503 3149 535 3204 et
558 3140 763 3206 definitiones
786 3143 963 3229 proferant.
1003 3143 1140 3228 longum
1166 3151 1215 3210 est
1244 3138 1306 3206 ne‘o
1331 3163 1385 3206 ne-

288 3269 380 3314 essse
401 3249 548 3334 pluribus
570 3251 612 3314 de
637 3250 700 3315 hae
722 3273 758 3315 re
781 3271 881 3338 agero
905 3274 988 3338 quae
1003 3251 1200 3320 Ciceronem
1220 3251 1389 3333 uelQ'uin·

287 3355 447 3441 talianum,
469 3358 665 3425 Diomedem
690 3360 744 3424 uel
776 3361 952 3445 Donatum,
981 3371 1018 3425 ut
1042 3371 1165 3427 taeenm
1187 3361 1385 3447 'posteriores

287 3466 434 3533 rhetores
456 3473 595 3552 greeoos
618 3478 655 3534 et
668 3469 797 3552 latinos,
824 3470 1009 3558 inspicienti
1034 3470 1383 3558 obicitur.propegata

290 3603 489 3618 mmm—w»—

392 3677 420 3744 1)
441 3677 511 3734 ‘Duo
528 3682 595 3732 sunt
613 3693 684 3748 quae
701 3679 773 3735 bene
791 3683 913 3734 uraotata
930 3679 965 3732 ab
989 3683 1100 3736 oratore
1120 3677 1310 3734 admirabilem
1332 3678 1389 3736 elo·

289 3771 429 3842 quentiam
447 3773 559 3840 faciant,
584 3791 701 3844 quorum
725 3775 844 3834 alterum
870 3779 913 3832 est
940 3777 1013 3846 quod
1031 3775 1134 3846 ·graeei
1152 3771 1252 3840 ἠθικὸν
1276 3779 1387 3847 uocant,

288 3868 324 3921 ad
342 3872 457 3922 naturas
478 3873 506 3923 et
530 3870 566 3923 ad
590 3869 680 3924 mores
708 3875 736 3925 et
759 3871 795 3924 ad
813 3889 921 3925 omnem
940 3872 1015 3925 uitae
1034 3871 1264 3926 consuetudinem
1280 3889 1388 3926 aeeom-

288 3968 437 4036 modatum‚
457 3969 583 4037 alterum,
603 3972 678 4040 quod
698 3971 787 4024 eidem
809 3967 965 4037 παθητικὸν
982 3972 1135 4038 nominant,
1154 3989 1208 4041 quo
1221 3959 1388 4040 perturban-

288 4068 336 4118 tur
354 4064 439 4119 snimi
457 4069 486 4118 et
505 4065 689 4132 concitantur,
707 4065 739 4119 in
759 4084 814 4136 qno
837 4083 893 4120 uno
913 4071 1012 4136 regnat
1032 4067 1130 4124 oratio.
1169 4066 1239 4120 illud
1260 4067 1388 4136 superine

289 4178 368 4214 oome
385 4160 545 4229 iuuandum,
562 4162 600 4218 ad
617 4163 841 4216 beneuolentiam
859 4163 1063 4218 consiliandum
1077 4167 1215 4232 paratum,
1236 4163 1290 4218 hoe
1305 4163 1388 4218 uehe-

288 4273 367 4312 mens
386 4255 531 4312 iraeneum
548 4257 705 4324 inritatum,
725 4275 780 4327 quo
800 4276 899 4314 causae
917 4259 1087 4329 eripientem
1113 4259 1269 4330 quodsum
1288 4259 1387 4329 rapide

289 4352 381 4407 fertur
398 4352 529 4407 sustineri
547 4354 623 4408 nullo
642 4359 725 4424 paeto
743 4355 854 4424 potest'.
892 4354 927 4410 of.
946 4355 977 4410 Ο.
994 4355 1063 4408 lehn
1082 4356 1099 4410 l.
1119 4356 1136 4408 l.
1155 4373 1183 4424 p
1195 4353 1248 4410 108
1259 4373 1299 4424 sq.
