3126 5146
712 484 751 542 to

185 668 254 723 erat
276 658 391 724 harum
414 679 525 723 rerum
545 657 708 744 expositio
723 657 944 741 adutrIusque
956 656 1033 722 artis
1044 664 1190 722 auctores
1203 655 1281 722 inde

183 768 224 832 ab
253 788 292 831 eo
322 777 469 854 tempore
501 789 564 852 quo
596 767 761 855 sophistae
790 765 920 850 utrique
946 764 1141 832 studuerunt
1171 766 1229 845 (cf.
1253 764 1279 831 I.
1307 762 1309 767 ’

185 873 321 942 Classen
345 875 386 940 de
408 897 545 960 gramm.
566 897 617 961 gr.
639 874 796 962 primord.
820 897 852 960 p.
870 873 970 958 tesq.
999 873 1037 940 1..
1050 873 1199 960 Spengel
1221 882 1280 938 art.

184 984 295 1072 script.
307 1005 340 1070 p.
351 985 392 1049 39
404 986 480 1068 sq.),
502 983 590 1068 quod
611 993 741 1050 ueteres
764 992 893 1068 quoque
915 981 1282 1068 grsnrmatioosRomae

184 1091 303 1159 fecisse
328 1091 504 1160 Suetonius
516 1093 541 1175 ¹)
565 1101 686 1175 narrat,
707 1102 741 1156 et
765 1112 958 1178 quamquam
982 1099 1094 1179 postea
1116 1091 1280 1158 schemata

184 1192 297 1276 λέξεως
321 1223 403 1289 quac
427 1201 543 1266 autad
564 1201 813 1286 grammaticum
841 1209 897 1264 aut
924 1199 966 1266 ad
987 1201 1152 1267 rhetorem
1180 1199 1279 1285 perti·

182 1319 300 1376 nerent
313 1311 409 1376 inter
429 1333 463 1376 se
488 1310 690 1396 distinguere
712 1310 886 1374 uoluerunt
909 1309 964 1394 (cf.
986 1309 1098 1392 Quint.
1110 1308 1183 1377 inst.
1199 1317 1277 1378 oret.

183 1419 292 1486 VIIII
305 1421 337 1504 3,
350 1419 379 1484 2.
390 1421 509 1486 Donat.
522 1419 616 1504 1115,
630 1421 645 1482 1
661 1441 692 1506 p.
705 1419 785 1490 1773
795 1419 859 1504 R),
870 1428 980 1484 minen
991 1417 1121 1484 casdem
1138 1418 1279 1484 mam'me

183 1529 304 1615 figuras
327 1529 414 1617 apud
435 1539 590 1614 utrosque
614 1537 817 1594 enumeratas
842 1528 1000 1596 inuenies.
1032 1527 1073 1594 de
1097 1525 1211 1596 eadem
1232 1548 1281 1610 re,

183 1638 320 1704 uirtutes
343 1639 418 1704 dico
443 1648 476 1704 et
497 1639 576 1704 uitia
598 1638 766 1720 sermonis,
788 1637 972 1703 Varronem
995 1636 1120 1704 disisse'
1141 1635 1278 1704 Romani

184 1747 402 1814 testimonium
418 1748 554 1832 indicat,
576 1747 663 1836 quod
680 1746 854 1832 quomodo,
875 1765 1069 1832 quamquam
1091 1745 1161 1812 aine
1179 1744 1282 1810 dubio

185 1857 287 1922 multo
305 1857 487 1946 simplicius
511 1867 544 1922 ot
565 1856 692 1922 doctius
715 1879 812 1943 quam
835 1855 1044 1943 posteriores,
1078 1855 1112 1920 iu
1142 1853 1281 1941 singulis

182 1964 358 2030 instituerit
379 1988 446 2032 non
465 1965 578 2050 liquet.
603 1965 679 2030 loco
698 1973 810 2030 nostro
825 1964 881 2048 (cf.
893 1963 1019 2032 Ritschl
1031 1983 1160 2052 parcrg.
1173 1961 1281 2028 Plaut.

182 2084 215 2138 et
236 2073 312 2140 Ter.
343 2075 360 2139 I
384 2097 416 2160 p.
436 2074 495 2139 194
516 2073 579 2160 sq.)
613 2073 775 2140 Titinnius
804 2071 978 2140 Terentius
1009 2073 1091 2140 Atta
1123 2070 1281 2158 pulchrae

99 2181 103 2192 '
168 2173 353 2263 'dicacatur
372 2185 428 2248 uel
440 2205 568 2250 morum
583 2182 809 2270 descriptionis
833 2205 930 2250 causa
949 2181 1132 2266 laudantur,
1150 2181 1280 2247 Trabea

182 2300 293 2356 contra
316 2291 438 2360 Atilius
469 2291 631 2358 Caecilius
653 2291 801 2356 adfectus
827 2290 922 2356 facile
950 2312 1083 2358 mouere
1114 2290 1279 2374 dicuutur,

181 2421 318 2484 quarum
339 2422 447 2466 rerum
471 2401 633 2487 exempla,
663 2400 853 2468 aVarrons
885 2410 974 2466 certo
999 2423 1065 2468 non
1096 2420 1195 2488 parce
1225 2398 1280 2464 ad·
1348 2422 1352 2430 ·

91 2517 95 2524 “
182 2509 296 2597 posita,
319 2509 520 2596 paucissimis
545 2509 693 2596 exceptis
718 2508 882 2576 Romanus
904 2511 960 2574 uel
970 2509 1139 2578 Charisius
1162 2507 1279 2576 omisit

182 2640 200 2682 e
228 2619 382 2686 Terentio
404 2619 490 2686 enim
515 2617 686 2701 ἠθοποιίας
710 2618 859 2707 principe
883 2617 1212 2705 (cf.Var1·.Parmen.
1228 2639 1279 2703 ap.

181 2728 265 2796 Non.
280 2751 312 2792 u.
326 2750 463 2817 poscere
481 2753 511 2816 p.
522 2729 599 2814 374)
611 2729 759 2797 adfectus
783 2730 971 2818 exemplum
991 2729 1168 2816 profertur,
1191 2725 1281 2812 quod

181 2859 223 2902 ex
245 2839 343 2904 meris
363 2838 655 2904 exclamationibus
676 2847 812 2904 conset.
835 2825 1088 2928 addit'scripton
1103 2837 1168 2904 tale
1181 2859 1281 2902 enun-

181 2946 305 3030 tiatum,
328 2967 523 3035 quamquam
546 2945 783 3014 interiectionis
812 2946 973 3036 particule
1003 2946 1137 3028 desit‚²)
1171 2955 1280 3012 umen

181 3124 379 3133 ———-

261 3200 307 3276 ,1)
329 3205 370 3261 De
388 3225 502 3278 gramm.
526 3211 555 3262 et
573 3207 646 3272 rhet.
664 3205 694 3261 4:
721 3209 841 3262 ‘ueteres
866 3209 1042 3279 grammatici
1061 3214 1090 3264 et
1109 3207 1280 3263 rhetoricam

181 3303 320 3358 docebant
338 3321 370 3358 ac
388 3305 540 3358 multorum
558 3305 592 3358 de
610 3309 727 3374 utraque
747 3311 807 3359 arte
821 3307 1016 3360 commentarii
1029 3307 1165 3361 feruntur.
1185 3323 1281 3362 secun·

181 3399 246 3452 dum
265 3417 348 3470 quam
367 3400 595 3456 consuetudinem
621 3401 792 3470 posteriores
820 3419 928 3471 quoquc
957 3403 1087 3457 existimo
1114 3419 1279 3471 quamquam

180 3495 234 3550 iarn
253 3497 381 3552 discretis
400 3498 619 3568 professionibus
637 3497 725 3552 nihilo
742 3499 832 3553 minus
846 3500 891 3552 uel
903 3499 1052 3553 retinuisse
1064 3500 1110 3552 uel
1123 3498 1279 3553 instituisse

181 3596 209 3646 et
225 3593 301 3662 ipsos
312 3594 446 3662 quaedam
464 3611 568 3664 genera
585 3595 791 3648 institutionum
803 3595 839 3649 ad
852 3595 1039 3663 eloquentiam
1049 3595 1278 3664 praeparandam,

181 3691 211 3742 ut
229 3689 404 3758 problemata
421 3689 599 3758 paraphrasis
618 3681 801 3746 allocutiones
821 3691 1031 3762 ethologias
1049 3693 1133 3761 atque
1151 3690 1206 3744 alia
1224 3689 1278 3744 hoc

181 3799 277 3853 genus,
297 3801 331 3838 ns
352 3786 459 3840 scilicet
477 3786 544 3840 sicci
562 3787 673 3840 omnino
700 3792 783 3856 atque
808 3787 879 3842 aridi
903 3789 984 3857 pueri
1007 3787 1166 3842 rhetoribus
1185 3787 1279 3840 trade-

181 3884 284 3934 rentur.
306 3896 376 3950 quae
394 3881 507 3950 quidem
528 3881 621 3935 omitti
639 3881 790 3936 iam-uides
810 3883 917 3938 desidia
927 3883 1099 3952 quorundam
1113 3887 1142 3938 et
1152 3883 1278 3948 infantia,

181 3993 237 4030 non
262 3977 336 4032 enirn
363 3978 475 4032 fastidio
499 3979 612 4047 putem'.
652 3983 799 4052 ertatopiac
818 3997 870 4049 pro
889 3981 1016 4036 codicum
1034 3983 1214 4051 catttotcptas
1233 3981 1280 4034 uel

183 4077 341 4144 ettictcpics
354 4074 372 4127 i.
383 4091 406 4126 e.
419 4073 592 4144 aetiologias²
611 4075 685 4142 quod
703 4075 825 4130 retinere
843 4077 904 4130 uolt
917 4075 961 4129 W.
974 4075 1067 4130 Christ
1082 4073 1177 4145 philol.
1189 4075 1280 4130 XVIII

182 4187 209 4238 p.
220 4169 278 4238 161,
298 4170 412 4240 scripsit
430 4171 592 4226 Beroaldus.
1363 4156 1365 4158 ⁵

287 4266 316 4335 2)
335 4267 413 4324 Idem
432 4266 518 4324 habes
534 4268 610 4337 apud
621 4268 795 4324 Macrobium
813 4273 917 4325 aturu.
926 4269 979 4324 IIII
988 4271 1014 4336 6,
1025 4267 1059 4322 17
1066 4287 1072 4322 :
1095 4269 1280 4334 ‘exdamutio¹

185 4381 253 4434 quae
271 4365 346 4436 apud
360 4382 476 4436 graecos
494 4360 650 4438 ἐκφώνησις
661 4365 773 4432 dicitur,
788 4370 882 4420 mouet
892 4365 1002 4434 pathos.
1017 4365 1085 4420 haec
1094 4365 1127 4420 fit
1137 4366 1280 4422 interdum
