3152 5142
706 463 744 520 et

186 640 236 723 (L.
260 640 302 706 D.
319 639 388 704 VH
401 639 455 725 57)
486 640 733 728 respondentia,
767 663 843 706 num
877 664 895 703 a
929 640 1077 705 Varrone
1109 638 1283 726 sumpserit

186 749 390 834 Augustinus
414 773 474 837 pro
496 758 583 816 certo
613 749 785 814 adfirmare
815 771 881 814 non
914 749 1029 815 audeo.
1064 748 1181 814 deinde
1212 749 1284 835 plu·

184 858 272 924 ribus
298 858 338 922 de
360 859 469 923 uerbis
492 858 658 954 disputare
684 859 806 940 debuit,
829 859 938 942 ibique
953 861 1089 924 fortasse
1107 881 1205 924 unam
1228 859 1283 923 uel

184 968 294 1054 plures
317 967 591 1051 etymologiarum
615 968 732 1053 posuit,
756 989 834 1051 quas
850 968 1056 1054 Augustinus
1072 969 1180 1052 habet,
1204 990 1281 1053 qua·

183 1097 320 1160 rumque
342 1075 415 1140 illas
437 1097 518 1159 quae
541 1100 560 1139 a
581 1097 660 1140 uero
683 1077 821 1140 uerbum
850 1075 972 1142 ducunt
1000 1076 1076 1141 huic
1106 1077 1178 1141 loco
1211 1098 1284 1163 per-

184 1208 278 1269 quam
300 1185 609 1273 aptasVarronique
626 1185 717 1271 quasi
734 1195 899 1271 surreptas
921 1206 991 1250 esse
1014 1185 1115 1251 uides.
1140 1211 1158 1250 a
1179 1186 1284 1250 uerbo

183 1294 224 1358 ad
254 1303 320 1358 tres
353 1294 543 1382 praecipuas
577 1293 773 1381 disciplinas,
810 1316 892 1382 quae
927 1295 967 1358 ad
1000 1297 1102 1360 uerba
1137 1277 1283 1383 spectant

184 1403 320 1487 transiit,
336 1403 387 1467 cui
410 1403 592 1489 argumenti
616 1403 702 1488 quod
725 1403 929 1470 tractandum
946 1405 1006 1468 sibi
1029 1404 1202 1492 sumpserit
1223 1405 1281 1469 cir·

184 1511 427 1598 cumscriptioni
456 1513 590 1576 breuem
623 1510 692 1575 sine
722 1512 820 1577 dubio
850 1513 994 1577 omnium
1022 1513 1181 1588 librorum
1209 1535 1283 1576 con·

184 1631 330 1710 spectum
353 1621 489 1686 subiecit
512 1619 567 1706 (cf.
580 1620 756 1706 Augustin.
777 1622 817 1686 do
837 1622 897 1687 eiu.
921 1622 973 1686 dei
986 1621 1038 1688 VI
1047 1623 1076 1688 3.
1101 1623 1144 1688 A.
1159 1623 1284 1708 Popma

183 1731 333 1796 biblioth.
357 1754 441 1794 uarr.
466 1755 496 1818 p.
509 1730 594 1809 500).
655 1725 657 1730 ’

282 1841 335 1904 De
358 1847 521 1928 postrema
543 1838 672 1905 hexade
687 1838 781 1903 aliter
798 1863 835 1903 ao
853 1861 911 1902 nos
928 1837 1038 1901 statuit
1057 1836 1098 1903 O.
1113 1837 1284 1902 Mueller

186 1949 302 2035 (praef.
324 1972 356 2036 p.
368 1949 422 2031 L);
446 1973 519 2013 cum
544 1948 630 2014 enim
654 1939 808 2036 syntaain
826 1946 984 2012 Varronis
1007 1955 1153 2033 tempore
1176 1946 1283 2011 minus

185 2059 381 2122 elaboratam
414 2058 528 2140 luisse,
565 2081 661 2143 quarn
691 2067 726 2123 ut
759 2057 932 2122 duodecim
964 2055 1055 2120 libris
1091 2054 1283 2120 aVarrone

185 2167 326 2253 potuerit
353 2167 484 2232 tractari
516 2168 577 2232 sibi
606 2167 813 2254 persuaserit,
847 2166 899 2231 ‘ad
926 2189 1019 2230 usum
1046 2164 1283 2230 uocabulorum

166 2285 217 2340 ct
247 2276 401 2342 orationis
434 2286 582 2342 ornatum
613 2286 645 2340 ct
672 2276 789 2341 similia
820 2298 894 2340 eum
926 2274 1175 2362 transgressum’
1212 2295 1282 2338 esse

183 2386 388 2454 existimauit.
412 2409 507 2473 quam
523 2385 716 2452 sententiam
737 2396 866 2450 secutus
879 2385 1076 2451 Ritsohelius
1096 2385 1185 2467 (nou.
1200 2405 1283 2448 mus.

186 2494 246 2558 Rh.
270 2494 320 2558 VI
349 2519 379 2583 p.
406 2496 501 2580 526),
532 2495 680 2559 cumita
711 2495 894 2558 Varronem
921 2493 1087 2582 promissis
1120 2504 1178 2557 tres
1212 2491 1283 2554 fore

188 2604 281 2669 totius
298 2605 407 2691 operis
429 2613 538 2692 partes
559 2629 623 2669 non
640 2604 769 2669 stetisse
782 2603 920 2687 uideret,
942 2604 1024 2668 hanc
1036 2601 1286 2670 inconstantiam

188 2716 406 2781 firmissimum
421 2725 648 2802 argumentum
660 2716 817 2782 iudicauit
831 2715 871 2780 ad
884 2715 1111 2780 stabiliendam
1127 2713 1167 2781 Ο.
1181 2713 1285 2779 Muel-

187 2824 247 2890 leri
270 2827 490 2892 coniecturam
516 2828 632 2912 (praef.
658 2826 806 2912 p.Isq.),
826 2849 1003 2913 numquam
1026 2825 1085 2889 hos
1107 2825 1210 2888 libros
1231 2823 1285 2886 ab·

187 2937 310 3000 solutos
334 2946 365 2999 et
390 2935 588 3022 ascriptore
612 2935 714 3003 editos
741 2955 822 2999 esse.
847 2956 943 3020 quem
965 2934 1152 3022 scrupulum
1173 2932 1284 2998 nescio

186 3069 226 3109 an
250 3045 425 3132 disputatio
448 3055 558 3109 nostra
581 3044 749 3109 exemerit.
780 3044 820 3108 de
841 3043 897 3108 illa
923 3065 1002 3108 uero
1034 3065 1111 3107 sanc
1139 3041 1287 3130 speciosa

187 3155 372 3219 coniectura
397 3152 438 3220 O.
454 3153 619 3232 Muelleri,
642 3153 744 3219 libros
766 3163 894 3218 nostros
918 3175 991 3216 cum
1014 3150 1153 3238 scriptor
1169 3175 1196 3215 a.
1213 3175 1244 3215 u.
1260 3174 1286 3216 c.

186 3263 384 3330 DGCVIIII
407 3264 608 3351 proscriptus
642 3274 728 3328 esset
748 3285 766 3326 e
787 3263 985 3328 bibliotheca
1007 3270 1189 3348 protractos
1214 3281 1287 3324 csse

185 3373 299 3462 paucis
324 3372 505 3461 disputabo,
528 3397 603 3438 nam
626 3374 747 3461 optime
767 3372 808 3437 de
829 3372 943 3436 eadem
958 3393 993 3435 re
1012 3391 1118 3457 nuper
1130 3371 1168 3434 L.
1182 3371 1286 3458 Spen-

187 3483 425 3568 galium(ueb.
450 3482 575 3548 derit.
611 3483 640 3547 d.
668 3505 753 3547 uarr.
777 3482 892 3547 buoch.
925 3481 967 3545 de
989 3481 1010 3545 l.
1030 3481 1051 3544 l.
1086 3479 1210 3544 Abhdl.
1245 3481 1286 3546 de

186 3593 298 3678 bayer.
315 3590 445 3656 alradl.
461 3590 769 3676 bd.v11,11p.443
785 3590 846 3675 sq.)
866 3589 987 3654 dixisse
1009 3587 1116 3653 uideo.
1140 3587 1287 3652 Primum

186 3709 219 3764 et
245 3701 286 3764 de
309 3710 457 3788 tempore
480 3721 543 3785 quo
566 3701 630 3766 hoc
653 3722 733 3786 opus
755 3698 934 3764 absoluerit
955 3698 1061 3762 Varro
1094 3706 1126 3761 et
1149 3696 1191 3761 de
1212 3697 1285 3783 ipso

188 3831 288 3896 opere
319 3809 465 3895 sagacius
496 3809 650 3873 iudicauit
677 3807 718 3875 Ο.
741 3808 883 3873 Mueller
910 3829 1007 3893 quam
1036 3807 1158 3870 uerius.
1204 3804 1287 3870 Cum

187 3917 275 3982 enim
295 3917 480 3982 Varronem
505 3925 578 4004 post
609 3939 754 4004 pugnam
784 3916 1005 3981 Pharsalicam
1036 3937 1063 3978 a.
1087 3937 1117 3977 u.
1142 3911 1287 3979 DOOVI

186 4027 239 4107 (cf.
269 4025 306 4090 L.
335 4026 421 4091 Roth
444 4027 543 4092 leben
574 4026 603 4090 d.
626 4028 732 4091 Varro
767 4049 799 4114 p.
819 4025 873 4102 21)
913 4024 953 4087 ad
987 4023 1088 4087 libros
1120 4031 1152 4085 et
1183 4021 1289 4086 studia

187 4155 356 4200 reuersum
379 4155 451 4198 esse
474 4155 515 4198 ex
540 4133 640 4221 ipsius
665 4132 834 4200 Ciceronis
861 4129 1048 4194 testimonio
1078 4129 1111 4192 in
1140 4128 1287 4214 epistulis

186 4243 228 4306 ad
240 4243 424 4306 Varronem
447 4242 500 4327 (ad
518 4241 592 4305 fam.
608 4237 718 4307 VIIII
731 4243 759 4324 l,
774 4241 802 4306 2.
821 4241 850 4322 6,
861 4240 895 4319 4)
921 4246 1056 4319 constet,
1079 4258 1121 4300 ex
1143 4236 1288 4300 eiusdem

186 4373 267 4416 uero
290 4350 433 4438 querelis
447 4349 564 4432 (head.
577 4359 659 4435 post.
675 4351 693 4415 Ι
712 4348 769 4431 1,2
793 4357 825 4412 et
848 4346 986 4435 epistula
1006 4345 1046 4410 ad
1064 4344 1132 4410 Att.
1141 4345 1228 4410 XIII
1240 4343 1289 4428 12,
