3126 5146
721 481 780 540 109

202 656 373 724 articulum
386 675 567 745 pronomen
587 655 864 744 praepositionem
885 655 1079 722 aduerbinm
1101 657 1302 723 coniunctio-

201 787 277 832 nem
300 765 355 850 (cf.
377 766 491 854 Apoll.
518 765 558 831 de
582 773 702 831 constr.
725 767 783 832 13
804 787 836 854 p.
852 765 891 830 10
909 765 1043 850 eoru).
1085 765 1143 832 sed
1165 767 1228 832 hoc
1253 767 1300 832 in·

202 886 327 942 certum
351 883 411 959 est,
432 873 557 939 etiamsi
581 895 599 939 c
622 874 714 939 libris
732 874 773 939 de
795 874 908 960 lingon
930 873 1030 939 latina
1052 883 1085 939 et
1105 873 1297 960 quibusdam

200 985 272 1052 aliis
295 981 488 1051 testimoniis
510 992 647 1068 constat,
668 983 843 1070 plerasque
863 983 1167 1050 Alexandrinorum
1187 991 1296 1072 partes

201 1095 233 1160 ei
244 1103 337 1160 notas
351 1093 461 1160 fuisse.
487 1093 521 1158 in
536 1101 688 1181 quattuor
699 1102 807 1182 partes
820 1115 894 1158 eum
910 1093 1090 1158 orationem
1101 1095 1136 1160 in
1148 1094 1241 1161 libris
1256 1093 1298 1160 de

199 1203 222 1270 l.
237 1205 259 1269 l.
282 1203 432 1269 diuisisee
456 1225 555 1291 supra
579 1201 625 1290 (p.
637 1202 693 1288 28)
713 1202 868 1291 exposui:
891 1203 1050 1268 uocabula
1073 1223 1156 1291 quae
1177 1204 1300 1270 habent

201 1335 304 1398 casus,
327 1331 408 1402 quae
429 1321 590 1399 tempora,
614 1331 697 1397 quae
717 1322 907 1398 utrumque,
933 1333 1016 1397 qnae
1039 1321 1201 1396 neutrum,
1225 1335 1300 1399 qua·

203 1445 277 1490 rum
310 1432 377 1488 tres
409 1422 537 1508 priores
570 1421 771 1510 respondent
802 1420 1036 1486 Alexandrinis
1069 1429 1298 1511 praeterquam

202 1531 290 1624 quod
320 1531 427 1620 prima
461 1529 557 1596 etiam
591 1531 746 1597 articulos
779 1541 812 1596 et
844 1532 1038 1618 pronomine
1070 1532 1300 1618 conplectitur,

202 1649 315 1730 quarta
323 1640 483 1707 Varronis
499 1640 798 1706 Alexandrinorum
815 1642 1091 1730 praepositionem
1109 1633 1301 1708 aduerbium

203 1750 463 1816 coniunctionem
479 1750 726 1839 conprehendit.
751 1751 833 1816 hanc
847 1751 1040 1817 diuisionem
1053 1762 1185 1818 secutus
1197 1763 1302 1839 pa'uce

202 1881 285 1947 quae
307 1859 402 1925 huius
424 1859 555 1945 generis
578 1869 690 1925 extant
711 1881 910 1948 percurram,
933 1861 1052 1927 deinde
1066 1847 1145 1927 num
1162 1861 1301 1927 eandem

202 1966 428 2055 disputationis
449 1990 527 2034 suae
543 1969 788 2034 fundamentum
803 1969 906 2035 Varro
929 1991 1000 2035 esse
1020 1969 1161 2036 uoluerit
1182 1970 1300 2035 dicam.

301 2077 432 2143 Primae
454 2077 566 2144 classis
586 2078 707 2167 ‘partes
730 2089 804 2144 sunt
826 2080 990 2164 quattuor,
1022 2100 1042 2145 e
1075 2079 1145 2165 quis
1175 2080 1260 2146 dicte
1283 2103 1303 2146 a

204 2187 395 2278 quibusdam
415 2188 635 2277 prouocabula
657 2213 739 2274 quae
764 2199 838 2257 sunt
863 2201 899 2256 ut
921 2191 992 2279 quis
1016 2213 1109 2276 quae,
1143 2192 1303 2258 uocabula

203 2305 241 2362 ut
260 2306 386 2364 scutum
408 2296 565 2384 gladium,
587 2300 720 2362 nomina
736 2307 772 2362 ut
784 2299 940 2364 Romulus
953 2301 1085 2385 Remus,
1109 2287 1304 2389 pronomina

202 2415 239 2471 ut
258 2406 311 2472 hic
331 2407 423 2472 haec.
447 2406 512 2473 duo
533 2406 643 2472 media
663 2407 814 2473 dicuntur
838 2409 1032 2495 nominatus,
1061 2411 1165 2497 prima
1188 2421 1221 2476 et
1241 2431 1298 2476 ex-

202 2525 307 2610 trema
325 2515 463 2582 articuli.
483 2517 625 2603 primum
651 2539 757 2602 genus
785 2527 835 2584 est
856 2519 1030 2602 infinitum,
1059 2503 1243 2585 secundum*
1267 2528 1304 2584 ut

202 2625 375 2711 infinitum,
396 2626 528 2690 tertium
552 2634 602 2690 est
625 2626 763 2712 finitum,
791 2636 941 2715 quartum
962 2637 998 2694 ut
1019 2627 1167 2695 finitum'.
1180 2629 1206 2708 ¹)
1247 2649 1304 2693 no-

205 2734 293 2800 mina
316 2743 349 2798 et
368 2735 538 2817 uocabula,
563 2755 645 2820 quae
669 2734 751 2801 duae
767 2735 916 2802 diuersae
933 2727 1087 2802 orationis
1104 2747 1214 2824 partes
1227 2736 1304 2803 stoi-

206 2847 253 2912 cis
278 2856 380 2933 erant,
403 2847 473 2912 sinc
496 2847 594 2913 dubio
618 2847 653 2913 in
676 2847 888 2933 grammatica
908 2869 1037 2934 quoquc
1060 2846 1219 2912 distinxit.
1263 2845 1306 2912 sd

205 2955 344 3024 alterum
373 2979 478 3044 genus
510 2957 592 3022 duae
627 2965 774 3045 spectant
803 2956 1115 3022 obseruatiunculae.
1143 2943 1303 3044 'primurn

207 3065 294 3132 euim
316 3067 485 3155 praecepit
508 3066 561 3151 (fr.
577 3066 631 3151 97)
664 3073 722 3133 ioci
754 3067 788 3130 in
814 3065 1014 3131 nominatiuo
1045 3065 1110 3130 dici
1131 3053 1304 3149 debere,²)

207 3173 299 3242 cuius
319 3177 492 3264 genetiuus
513 3175 554 3242 sit
575 3183 668 3243 iactis.
719 3197 913 3264 quamquam
932 3173 1019 3241 enim
1042 3177 1168 3242 Probus
1191 3171 1306 3240 scribit

207 3285 339 3372 (cathol.
360 3286 378 3352 I
398 3309 431 3374 p.
446 3287 476 3371 7,
490 3287 510 3350 3
522 3285 599 3368 K.):
628 3291 766 3354 c'iittero
794 3309 885 3351 sanum
909 3309 1014 3352 nomen
1034 3295 1185 3367 reperitur
1208 3294 1307 3352 tumi-

205 3409 307 3468 natum
323 3409 439 3484 pencris
459 3409 556 3466 ueniri
578 3405 783 3466 declinationis
804 3407 915 3478 tertiae,
937 3408 965 3466 is
982 3405 1143 3477 euimsocit
1155 3407 1308 3482 penetuo:

206 3516 260 3576 too
282 3515 328 3577 loc
349 3517 443 3577 iactis.
467 3513 588 3591 quidam
607 3520 716 3591 putant
734 3517 787 3576 troc
809 3515 866 3575 loct
887 3513 991 3574 debere
1012 3515 1080 3585 dici,
1102 3515 1155 3574 sesi
1173 3524 1239 3574 ποκ’
1251 3513 1308 3589 icyi

206 3625 265 3686 nisi
285 3627 330 3686 in*
345 3625 479 3688 Varrone
500 3625 536 3686 cie
548 3625 658 3714 ¹linquo
679 3625 782 3696 latino,
806 3626 838 3683 et
859 3617 1060 3704 Spengcliua
1076 3615 1239 3704 philologi
1254 3615 1308 3681 XI

205 3789 414 3803 ——m-

308 3895 334 3964 1)
353 3894 523 3952 Inhooloco
540 3892 585 3964 (de
603 3891 621 3946 l.
632 3893 651 3946 l.
658 3890 724 3947 VIII
736 3890 771 3945 45
790 3907 817 3960 p.
826 3886 881 3943 424
893 3888 943 3958 sq.)
960 3885 1109 3943 scribendo
1128 3884 1308 3956 Spengelium

206 3994 236 4046 et
252 3989 439 4061 Augustinum
457 3991 491 4045 ab
511 4007 544 4044 eo
560 3989 704 4044 laudatum
721 4003 829 4056 sequor.

307 4086 336 4156 2)
356 4086 390 4141 cf.
409 4085 453 4140 W.
471 4085 585 4141 Freund
602 4085 632 4139 in
649 4084 728 4138 Iahni
747 4083 837 4137 annal.
856 4081 881 4135 V
899 4080 968 4135 1832
987 4079 1088 4150 p.100.
1111 4076 1221 4134 Ritschl
1240 4094 1306 4133 nou.

208 4195 277 4237 mue.
295 4182 337 4237 rh.
348 4181 400 4237 VII
411 4201 438 4252 p.
450 4179 503 4237 606
519 4199 559 4250 sq.
578 4181 612 4234 Η.
620 4179 750 4234 Wentzel
767 4177 854 4248 symb.
870 4177 934 4232 crit.
953 4175 990 4230 ad
1007 4173 1071 4230 hist.
1092 4191 1144 4230 scr.
1163 4174 1206 4228 rei
1223 4177 1306 4229 metr.

210 4279 259 4334 lat.
278 4297 306 4350 p.
317 4278 361 4333 83.
393 4278 531 4332 [Vahlen
549 4277 620 4332 anal.
640 4275 712 4331 Non.
731 4275 813 4346 p-10.
840 4273 872 4329 L.
887 4273 1005 4327 Mueller
1024 4271 1059 4326 de
1077 4288 1109 4326 re
1128 4275 1209 4325 metr.
1231 4274 1307 4341 poet.

209 4379 258 4434 lat.
276 4398 303 4454 p.
312 4377 375 4434 379.
394 4378 437 4435 W.
448 4379 566 4434 Gorssen
586 4377 651 4432 luit.
669 4375 753 4430 beitr.
771 4391 794 4428 z.
813 4375 862 4429 let.
883 4370 1012 4426 formenl.
1031 4387 1059 4440 p.
1070 4367 1133 4424 578.
