3152 5142
827 453 866 512 62

296 629 459 698 lectitasse
480 628 567 694 infra
590 648 719 714 quoque
742 626 937 692 uidebimus.
981 633 1029 691 tot
1045 624 1341 710 antiquissimorum
1365 633 1397 692 et

297 763 447 826 magnam
472 747 598 827 partem
619 736 863 805 reconditorum
885 735 1082 823 scriptorum
1104 733 1205 800 libros
1229 736 1393 803 consuluit

296 850 356 914 uel¹
384 849 499 916 saltem
536 847 711 914 sententias
739 846 881 930 rettulit,
922 856 958 912 ut
998 844 1119 932 optime
1157 844 1234 910 hinc
1270 853 1391 932 quanto

296 959 403 1026 studio
430 968 463 1024 et
496 956 583 1044 quali
611 954 792 1026 eruditione
823 955 882 1024 hos
916 955 1018 1032 libros
1048 951 1259 1041 conposuerit
1293 955 1395 1022 conli-

297 1090 422 1153 gamus.
1047 1153 1048 1156 Ἴ

396 1175 483 1244 Num
502 1196 582 1242 nero
605 1173 661 1260 qui
681 1174 767 1260 hanc
780 1171 1179 1241 doctrinacVarronianae
1197 1171 1392 1260 particulam

296 1286 390 1354 nobis
413 1283 558 1352 seruauit
576 1283 647 1372 ipsa
677 1304 720 1348 ex
749 1281 837 1348 illius
858 1280 951 1346 libris
974 1303 1047 1348 eam
1070 1281 1274 1370 decerpserit
1294 1281 1392 1346 ualde
1500 1309 1502 1313 ’

297 1394 431 1480 dubium
441 1393 581 1459 uidetur.
605 1390 728 1457 homini
751 1389 838 1456 enim
860 1399 967 1455 tantae
989 1390 1231 1476 neglegentiae,
1254 1399 1394 1478 quantae
1441 1421 1445 1427 ·

297 1503 445 1592 opusculi
474 1501 578 1584 nostri
610 1501 845 1589 conpilatorem
874 1520 945 1564 esse
980 1499 1206 1585 cognocimus,
1228 1499 1325 1564 talem
1346 1499 1393 1566 in·

297 1613 457 1680 dustriam
484 1611 544 1678 uix
577 1609 758 1676 tribuerim.
798 1630 915 1675 uerum
945 1607 1052 1695 potius
1082 1608 1209 1674 exalto
1233 1609 1393 1695 scriptore

296 1744 402 1808 neque
424 1721 556 1788 indocto
577 1719 719 1802 homine,
741 1719 878 1784 fortasse
900 1720 972 1805 ipso
992 1718 1108 1788 Seruio
1125 1719 1394 1806 Vergilianorum

297 1831 478 1899 carminum
510 1828 799 1914 conmemorat),
839 1828 893 1913 qui
913 1828 1000 1894 hunc
1025 1829 1178 1915 antiquae
1201 1828 1394 1896 cruditionis

296 1965 439 2030 pannum
461 1963 536 2006 cum
554 1941 655 2029 ipsius
679 1947 864 2026 temporum
887 1937 1036 2004 doctrina
1058 1939 1197 2023 consuit,
1222 1939 1303 2006 haec
1334 1940 1393 2006 flu·

218 2135 219 2140 ¹
297 2051 385 2118 aisse
407 2049 567 2118 existimo.
590 2048 677 2136 quod
698 2048 797 2114 etiam
815 2046 952 2114 suadere
969 2045 1120 2114 uidentur
1134 2069 1216 2135 quae
1229 2048 1270 2114 de
1284 2057 1395 2117 aucto·

297 2183 370 2229 rum
393 2161 595 2247 quorundam
617 2161 684 2226 uita
714 2170 751 2225 ut
773 2161 926 2246 Dionysii
954 2163 1091 2231 Thracis
1115 2173 1147 2228 et
1171 2164 1392 2250 Tyrannionis

294 2271 356 2356 (ct.
377 2272 464 2338 Plut.
485 2271 613 2338 Lucull.
635 2269 690 2354 20)
719 2269 773 2335 hic
793 2271 959 2357 leguntur,
989 2272 1030 2338 de
1061 2295 1124 2358 qua
1147 2273 1255 2342 Varro
1284 2283 1392 2339 tacere

296 2381 351 2446 uel
373 2380 563 2448 breuissime
585 2379 756 2466 ingenium
778 2380 945 2469 scriptoris
967 2381 1155 2469 praedicare
1188 2383 1280 2452 solet.
1316 2383 1393 2450 talia

296 2500 403 2558 autem
426 2490 574 2586 opusculi
602 2491 836 2579 conpilatorcm
866 2492 968 2558 multo
999 2491 1189 2578 posterioris
1220 2503 1257 2558 ut
1287 2515 1392 2581 genus

295 2600 460 2669 scribendi
481 2599 592 2688 prodit
612 2599 769 2690 temporis
791 2600 899 2666 uirum
921 2622 982 2666 nec
1008 2601 1139 2668 nouisse
1169 2625 1241 2668 nec
1261 2603 1392 2694 conqui-

297 2709 412 2776 siuisse
435 2710 584 2776 arbitror.

342 2875 345 2879 .
399 2818 639 2902 Quaerentibus
669 2818 711 2884 in
742 2840 817 2904 quo
844 2818 948 2886 libro
978 2821 1117 2908 operis
1139 2819 1187 2886 de
1210 2841 1392 2890 sermone

262 2941 264 2948 ’
297 2928 429 2994 latino
448 2928 532 2994 'haec
554 2927 728 3015 disputatio
753 2927 859 3014 posita
883 2926 983 2994 fuerit
1011 2927 1152 3014 quodam
1177 2929 1275 2996 modo
1303 2930 1393 2995 adiu-

297 3046 407 3103 mento
431 3037 522 3102 nobis
545 3047 593 3102 est
614 3059 697 3102 unus
720 3036 862 3104 Acronis
885 3058 982 3120 quem
1004 3036 1116 3102 dicunt
1140 3039 1195 3123 (cf.
1209 3037 1252 3104 H.
1263 3037 1395 3104 Vsener

294 3145 364 3214 ind.
385 3147 461 3212 lect.
485 3154 563 3212 aest.
586 3146 686 3212 Bern.
711 3143 926 3232 18o'3p.V11)
951 3147 1041 3211 locus
1064 3145 1118 3232 qui
1141 3147 1182 3212 ad
1202 3145 1321 3212 Horati
1342 3157 1393 3214 ar*

296 3265 362 3322 tem
384 3255 544 3344 poet202
566 3255 613 3320 sic
634 3254 871 3320 scribit‘Varro
896 3255 940 3320 ait
962 3256 996 3320 in
1016 3255 1069 3322 111
1090 3256 1334 3344 disciplinarum
1361 3267 1394 3331 et

297 3365 339 3430 ad
360 3364 553 3432 Marcellum
577 3364 617 3428 de
641 3365 755 3452 lingua
776 3363 874 3429 latina
898 3375 1048 3454 quattuor
1072 3365 1269 3432 foraminum
1291 3366 1392 3433 fuisse

296 3474 391 3543 tibias
412 3475 499 3562 apud
521 3474 683 3560 antiquos,
706 3484 738 3540 et
759 3496 794 3540 ae
816 3474 923 3563 ipsum
945 3475 990 3540 ait
1007 3474 1042 3541 in
1059 3476 1181 3564 templo
1193 3476 1389 3562 (Apollinis)

296 3584 448 3672 Marsyae
477 3583 599 3650 uidisse
623 3584 717 3648 tibias
733 3594 885 3672 quattuor
907 3583 1123 3650 foraminum’.
1147 3587 1200 3670 (fr.
1215 3585 1288 3670 601⁴)
1310 3586 1393 3652 haee

295 3679 417 3784 optime
438 3692 638 3760 conueniunt
660 3717 735 3760 cum
758 3695 804 3760 eis
827 3716 909 3781 quae
932 3694 1019 3782 apud
1031 3694 1185 3762 Seruium
1213 3697 1254 3762 de
1276 3694 1393 3761 diaste-

295 3804 390 3870 matis
409 3804 444 3872 in
467 3804 597 3870 citharis
619 3803 771 3891 tibiisque
794 3813 827 3868 et
849 3803 884 3868 in
900 3803 1041 3869 humana
1057 3804 1302 3890 uocelegimus,
1325 3827 1388 3892 quo

294 3967 467 3976 ..ξυμ-η

394 4077 421 4144 1)
443 4076 476 4132 In
494 4093 527 4132 eo
545 4074 737 4132 conmentario
764 4073 838 4128 haud
856 4091 946 4142 pauca
966 4078 1126 4143 occurrunt,
1158 4091 1227 4144 qnae
1255 4073 1282 4130 ei
1306 4073 1393 4144 parti·

223 4214 225 4217 -
298 4172 377 4230 culae
395 4190 479 4242 quam
495 4176 592 4228 nostro
611 4172 745 4242 opusculo
762 4169 933 4240 peculiarem
945 4187 1005 4224 esse
1021 4170 1141 4238 diximus
1157 4170 1257 4224 similia
1269 4171 1312 4238 (ut
1323 4171 1392 4226 Aen

293 4270 379 4327 1100.
392 4271 423 4325 ·II
436 4269 494 4326 778.
513 4269 624 4346 111569.
644 4268 771 4324 1111268.
791 4266 880 4324 V613
900 4268 956 4336 ab),
981 4266 1011 4322 iu
1028 4267 1082 4322 hoe
1101 4284 1169 4322 uero
1188 4266 1283 4324 omnia
1302 4283 1394 4322 exem-

295 4369 342 4442 ple
360 4387 375 4423 e
394 4367 517 4440 Vergilio
537 4371 647 4438 sumpte
667 4370 740 4420 sunt.
