3152 5142
698 459 735 516 71

170 632 267 700 dubio
300 641 470 721 poetarum
498 629 702 718 potissimum
737 630 921 714 latinorum,
960 632 1015 698 ubi
1048 633 1119 702 fieri
1153 635 1271 722 patuit,

169 741 329 830 exemplis
351 739 469 806 additis
493 738 688 829 percensuit.

270 851 378 933 Quem
399 871 479 914 uero
500 849 535 914 iu
555 851 654 915 rebus
676 849 822 914 metricis
844 857 1009 916 aneterem
1031 850 1206 939 praeeipue
1223 853 1269 918 M.

169 961 345 1028 Terentius
374 971 503 1026 secutus
532 961 573 1026 eit
602 983 644 1026 ex
674 969 739 1024 tem
768 961 880 1046 paneis
914 961 1075 1046 relliquiis
1105 963 1267 1050 expiscari

170 1071 309 1137 diffieile
332 1081 389 1137 est
411 1071 438 1136 si
461 1070 566 1156 magis
588 1070 629 1136 de
652 1070 823 1136 Heliodori
848 1069 974 1136 metriei
995 1069 1110 1155 aetate,
1140 1071 1181 1136 de
1204 1093 1267 1157 qua
1295 1089 1298 1096 ⁴
1406 1091 1408 1098 ·

167 1191 241 1268 post
264 1179 478 1248 Ritsehelium
498 1179 528 1245 d.
551 1180 720 1246 alexandr.
743 1179 891 1244 biblioth.
912 1203 943 1268 p.
958 1180 1017 1244 138
1030 1201 1079 1264 sq.
1102 1201 1207 1269 nuper
1231 1179 1264 1248 iu

167 1290 274 1356 uarias
295 1297 402 1376 partes
424 1288 643 1356 dissenserunt
665 1290 707 1355 H.
728 1289 807 1356 Keil
828 1298 954 1375 quaest.
968 1312 1104 1375 gramm.
1120 1315 1151 1379 p.
1167 1291 1207 1355 14
1217 1313 1265 1376 sq.

168 1398 435 1466 O.Waehsmutb
456 1399 569 1486 philol.
591 1398 676 1469 XVI
697 1421 728 1485 p.
739 1397 861 1484 618sq.
893 1398 937 1464 H.
949 1397 1080 1487 Lipsius
1101 1399 1135 1464 iu
1150 1400 1268 1467 Fleelr·

169 1507 272 1573 eiseni
297 1528 371 1574 ann.
395 1507 476 1573 1860
498 1507 674 1594 poenae,
699 1517 874 1590 eonsteret,
894 1507 935 1572 de
956 1509 1018 1574 hee
1042 1509 1266 1594 cogitauerim.

169 1617 310 1684 eundem
335 1616 507 1682 metrieum
529 1640 569 1682 ee
590 1617 754 1682 rhetorem
775 1616 894 1682 Horati
918 1618 1070 1682 comitem
1092 1618 1127 1682 in
1149 1617 1266 1684 itinere

168 1725 369 1792 Brundisino
391 1725 464 1811 (set
486 1725 548 1810 15,
561 1726 590 1791 2.
614 1727 697 1794 011.
712 1727 755 1794 G.
766 1727 805 1792 F.
820 1725 936 1792 Estrde
946 1726 1060 1792 Horat.
1073 1747 1269 1816 prosepogr.

168 1859 199 1923 p.
214 1835 288 1911 lent
309 1856 383 1902 esse
404 1835 483 1900 mihi
507 1839 637 1922 quoque
659 1837 716 1918 (ef.
729 1835 791 1901 Tb.
804 1836 919 1922 Bergk
938 1859 1015 1901 neu.
1037 1859 1118 1903 mus.
1135 1838 1228 1903 rhen.
1250 1838 1268 1904 I

169 1945 350 2032 p.3'14sq.)
373 1945 469 2012 ualde
493 1946 694 2012 uerisimile
717 1945 849 2010 uidetur
871 1954 905 2010 et
927 1955 1110 2034 temporum
1132 1946 1269 2011 retiam

170 2053 255 2118 infra
277 2053 462 2120 uidebimus
489 2077 556 2122 non
588 2057 703 2138 ebetat,
736 2055 907 2140 quominus
930 2054 1025 2120 huius
1048 2054 1111 2120 uiri
1137 2055 1267 2142 seriptis

170 2163 277 2228 Varro
311 2186 390 2230 usus
425 2163 478 2248 sit,
509 2187 583 2230 uam
614 2161 730 2228 Horati
762 2172 903 2230 saturam
934 2163 1023 2228 illam
1055 2187 1140 2230 anuo
1176 2188 1207 2229 u.
1236 2188 1265 2231 o.

169 2270 368 2340 DOOXVH
391 2274 543 2360 scriptam
569 2293 641 2338 esse
663 2273 884 2357 probauerunt
906 2270 943 2338 O.
958 2272 1124 2340 Kirehner
1144 2283 1268 2360 quaest

168 2381 285 2447 Horat.
307 2406 340 2470 p.
351 2382 393 2448 58
402 2404 450 2468 sq.
473 2381 510 2448 O.
526 2382 659 2448 Franks
680 2381 753 2446 fast.
775 2381 891 2446 Horat.
915 2403 946 2467 p.
959 2381 1000 2444 96
1015 2406 1062 2469 sq.
1087 2383 1196 2447 Varro
1215 2406 1268 2447 au-

169 2501 238 2556 tem
257 2500 361 2556 artem
383 2492 562 2576 metricam,
585 2513 681 2576 quam
706 2501 876 2577 praeterea
903 2491 935 2555 in
967 2500 1153 2558 transcursu
1177 2493 1270 2577 quasi

172 2601 334 2685 tractauit,
366 2602 393 2668 si
422 2625 540 2688 magne
565 2596 818 2689 Hephaestionis
842 2601 1007 2667 uolumina
1032 2602 1085 2684 (ef.
1105 2603 1148 2668 A.
1171 2602 1267 2667 Ross-

171 2709 253 2778 baeh
275 2709 307 2775 d.
320 2709 500 2798 Hephaest.
511 2709 694 2776 Alexandr.
710 2708 783 2774 libn
805 2710 943 2795 p.8sq.)
966 2731 1187 2798 coeperamus,
1210 2709 1269 2776 uix
1318 2789 1324 2798 ⁴

170 2819 240 2905 ipse
257 2818 381 2904 primus
396 2818 561 2886 coustituit
577 2828 673 2906 atque
686 2817 875 2901 elaborauit,
894 2818 951 2884 sed
965 2829 1003 2884 ut
1018 2820 1101 2884 solet
1115 2843 1134 2884 e
1148 2841 1268 2906 graeee

169 2928 310 3014 quodam
341 2928 499 3014 scriptore
532 2928 707 3012 transtulit,
737 2927 937 2994 Heliodorus
971 2938 1078 2994 autem
1111 2929 1265 3018 princeps
1327 2980 1329 2985 .

171 3036 233 3099 seir
246 3036 489 3117 σι’μπλεκὸιπων
507 3038 544 3120 τῇ
556 3038 691 3120 μετρικῇ
703 3036 825 3121 θεωρίᾳ
845 3032 899 3116 τὴν
914 3037 989 3115 aeni
1005 3033 1140 3117 ῥυθμῶν
1150 3037 1267 3119 (Arist.
1293 3091 1297 3100 .

168 3146 282 3228 Quint.
304 3165 336 3232 p.
354 3145 397 3209 40
416 3146 516 3212 Melb.
552 3149 595 3212 ef.
616 3146 642 3212 I.
671 3144 792 3212 Caesar
819 3145 958 3232 grunds.
986 3147 1016 3212 d.
1044 3169 1095 3234 gr.
1123 3146 1267 3233 rhythm.

169 3278 200 3342 p.
217 3255 296 3340 1126)
316 3255 416 3322 fuisse
441 3255 581 3338 uidetur,
614 3265 647 3321 et
678 3257 774 3322 ‘inter
802 3279 941 3343 graeeos
961 3256 1058 3323 huius
1084 3257 1267 3342 (metricae)

167 3366 245 3432 artis
262 3374 318 3430 aut
340 3366 465 3453 primus
484 3376 540 3430 aut
560 3368 649 3432 solus
675 3368 732 3431 est’
759 3365 943 3450 (Maevius.
955 3367 992 3433 Π
1005 3367 1066 3450 9,ss
1089 3389 1120 3453 p.
1133 3365 1264 3432 2541P.

167 3475 209 3540 ef.
232 3474 408 3562 Westphal
432 3475 463 3540 d.
484 3477 601 3561 fragm.
625 3473 656 3540 d.
680 3499 731 3562 gr.
750 3474 894 3562 rhytbm.
914 3500 945 3563 p.
960 3475 1073 3561 12sq.)
1096 3497 1192 3558 quam
1214 3497 1264 3538 ra-

167 3583 411 3650 tiocinationem
435 3585 462 3648 si
485 3607 550 3650 non
580 3607 713 3671 prorsus
743 3584 926 3672 aspernaris
954 3583 1147 3665 addiderim,
1178 3583 1266 3669 qued

168 3714 227 3778 per
248 3715 284 3760 se
305 3717 370 3759 non
392 3694 504 3779 magui
523 3693 679 3759 momenti
700 3715 772 3758 esse
788 3693 944 3777 cencede,
962 3691 1182 3760 Heliodorum
1195 3713 1267 3757 uer·

168 3827 221 3868 sus
241 3801 397 3868 iambicos
418 3802 459 3867 de
482 3803 597 3887 quibus
610 3802 793 3870 Varronem
809 3821 938 3890 quoque
954 3801 1133 3886 diligenter
1158 3800 1267 3887 egisse

167 3911 320 3995 uidimus,
351 3917 469 3998 magna
498 3911 677 3978 subtilitate
699 3915 908 3998 persecutum
930 3932 1013 3996 esse,
1042 3911 1076 3975 id
1101 3910 1187 3998 quod
1212 3908 1266 3974 de·

169 4029 326 4086 monstrat
355 4020 513 4087 Prisciani
545 4021 677 4087 libellus
708 4021 749 4087 de
773 4021 884 4086 metris
909 4019 1116 4086 Terentianis
1145 4019 1199 4101 (ef.
1223 4019 1266 4084 H.

169 4129 244 4194 Keil
267 4130 289 4194 1.
312 4129 334 4194 1.
355 4130 462 4217 pald),
489 4132 695 4219 eundemque
717 4131 759 4196 de
783 4131 921 4196 dimetro
944 4129 1131 4212 eataleetien
1155 4126 1264 4215 dispu-

167 4249 251 4304 tasse
275 4239 412 4324 eiusque
440 4241 627 4327 exemplum
651 4239 827 4310 Simonidis
855 4260 988 4303 uersum
1011 4259 1111 4324 supra
1132 4257 1264 4302 eonme·

88 4407 90 4412 ,
167 4357 324 4414 moratum
356 4346 472 4432 (Prien.
493 4348 516 4413 l.
539 4348 559 4414 l.
584 4348 622 4414 II
644 4369 676 4434 p.
695 4345 1070 4433 steatproposuisse,
1102 4343 1157 4430 qui
1191 4364 1265 4413 eum
