3152 5142
705 503 827 558 ‘ee

222 678 471 760 1iuriotisquoe
499 688 660 760 simplicem
685 706 744 747 noa
773 689 880 747 lrabeat
909 682 1149 763 siqnifieottoaem
1172 682 1228 762 (ef.
1257 673 1352 747 Mart.

255 786 335 876 Cap.
348 787 419 854 IIII
432 787 494 854 388
504 813 537 877 p.
551 789 636 873 118),
661 813 737 855 nam
754 811 817 876 ego
842 799 874 854 et
895 798 930 854 tu
955 789 1151 878 pronomina
1170 789 1268 854 tacite
1279 790 1352 855 sub·

256 895 340 962 ieeta
356 906 441 980 sunt,
464 896 552 982 quod
569 919 763 983 quamquam
783 897 824 962 de
843 898 953 963 stoicis
968 921 1035 964 non
1052 898 1173 964 diserte
1195 919 1351 964 memora·

185 1014 190 1040 ⁸
254 1013 307 1070 tur
319 1007 344 1090 1)
372 1027 415 1071 ex
437 1028 549 1072 eorum
572 1006 700 1095 placitis
720 1008 906 1074 necessario
932 1017 1049 1091 manat,
1084 1017 1120 1072 ut
1142 1006 1176 1071 in
1198 1007 1259 1072 hae
1277 1029 1354 1092 quo·

254 1135 317 1198 que
340 1135 378 1178 re
399 1113 474 1180 illos
496 1114 604 1180 Varro
626 1125 757 1181 secutus
778 1115 830 1180 sit.

353 1222 525 1302 Quomodo
546 1245 626 1290 uero
649 1225 790 1312 amplam
811 1225 978 1290 materiam
997 1223 1033 1288 in
1055 1223 1229 1292 duodecim
1250 1223 1351 1289 libros

254 1330 467 1416 distribuerit,
489 1332 596 1398 eonioi
617 1333 676 1399 uix
694 1343 812 1423 potest.
835 1331 992 1422 suspirari
1006 1333 1084 1399 lieet
1100 1333 1211 1421 priore
1224 1332 1355 1398 hexade

254 1461 329 1505 eum
361 1439 401 1506 de
430 1443 558 1510 easibus
588 1444 728 1531 obliquis
763 1453 796 1510 et
828 1444 1005 1509 uerborum
1036 1443 1160 1529 formis,
1195 1453 1355 1529 quatenus

253 1549 336 1614 haee
360 1552 519 1619 cumillis
543 1555 717 1620 coniuncta
737 1555 812 1638 sint,
833 1553 935 1618 altera
958 1553 999 1618 de
1023 1548 1205 1640 proloquiis
1233 1549 1355 1639 simpli·

255 1658 347 1726 cibus
371 1669 403 1724 et
425 1659 600 1748 conpositis
626 1659 820 1748 disputasse,
851 1660 938 1748 quod
968 1661 1121 1726 conuenit
1142 1683 1217 1725 oum
1239 1658 1353 1724 stoico·

254 1791 327 1833 rum
349 1766 511 1835 diuisione
532 1769 568 1832 in
589 1764 681 1830 λεκτὰ
705 1751 819 1850 ἐλλιπῆ
841 1779 874 1834 et
896 1765 1057 1850 αὐτοτελῆ.
1087 1791 1195 1857 neque
1223 1791 1241 1833 e
1263 1765 1354 1834 Gelli

254 1876 331 1942 libri
343 1876 428 1942 XVI
443 1877 548 1964 eapite
562 1888 679 1944 octauo
694 1878 843 1964 sequitur
853 1877 907 1964 (fr.
917 1878 984 1963 36),
1006 1878 1041 1945 in
1055 1877 1122 1942 fine
1135 1879 1267 1942 demum
1277 1875 1354 1941 libri

254 1984 394 2052 XXIIII
416 1986 587 2074 proloquia
609 1996 746 2053 tractata
768 2009 848 2071 esse,
873 1987 962 2076 quod
977 1987 1273 2075 quomodocunque
1285 2005 1356 2050 rem

255 2092 453 2179 disposuerit
474 2095 546 2160 fieri
564 2095 709 2181 potuisse
734 2117 832 2182 nego.
859 2117 959 2181 quare
983 2094 1071 2181 quod
1091 2093 1221 2162 Gellius
1246 2093 1356 2178 adicit⁷

253 2201 439 2268 Varronem
463 2201 627 2284 ἀξιώματα
651 2207 730 2286 alias
751 2209 880 2293 profata
902 2207 981 2272 alias
1008 2204 1181 2294 proloquia
1203 2204 1353 2286 uertisse,

255 2311 291 2376 id
319 2333 386 2376 non
416 2335 490 2377 eum
517 2313 697 2380 Ritsohelio
722 2315 758 2399 (l.
781 2317 803 2380 l.
829 2340 860 2404 p.
873 2315 907 2395 5)
934 2314 977 2381 ad
999 2314 1206 2380 dialecticam
1230 2313 1290 2380 sed
1313 2313 1356 2378 ad

255 2421 345 2507 ipsos
368 2421 471 2489 libros
494 2424 534 2489 de
556 2425 670 2512 lingua
691 2425 791 2490 latina
812 2424 1022 2490 referendum
1047 2423 1141 2508 dueo,
1167 2434 1203 2489 ut
1224 2423 1276 2488 his
1297 2444 1354 2488 uo·

254 2531 344 2598 cibus
365 2535 560 2621 promiscue,
584 2546 626 2601 ut
643 2535 678 2600 in
699 2536 770 2601 aliis
793 2535 944 2601 terminis
968 2535 1058 2619 feeit,
1081 2555 1157 2600 usus
1182 2533 1234 2600 sit,
1265 2555 1353 2620 pro·

256 2640 385 2706 fatum
416 2643 515 2726 enim,
547 2651 701 2730 quantum
732 2643 843 2728 seiam,
877 2642 964 2730 apud
994 2642 1120 2707 nullum
1151 2639 1356 2727 seriptorem,

253 2749 530 2838 proloquium
564 2749 650 2838 apud
681 2749 904 2837 Augustinum
936 2758 969 2814 et
1001 2748 1171 2836 Capellam
1204 2746 1355 2812 occurrit.

257 2879 396 2943 quorum
426 2859 513 2924 hune
543 2858 663 2925 librum
686 2859 726 2923 de
750 2858 921 2926 dialectiea
945 2857 1068 2943 legisse
1091 2864 1228 2939 constat,
1260 2853 1359 2922 illum'

256 2967 398 3032 eundem
416 2969 555 3034 fortasse
576 2969 763 3036 adhibuisse
777 2992 874 3056 supra
888 2967 1040 3034 uidimus.
1060 2966 1119 3033 sed
1131 2964 1263 3051 longius
1279 2987 1354 3052 pro·

254 3075 474 3161 gradiendum
505 3087 563 3144 est.
596 3087 706 3144 narrat
734 3078 820 3143 onim
848 3077 911 3144 hoe
939 3077 1046 3164 eapite
1078 3073 1218 3157 Gellius,
1249 3095 1285 3138 se
1306 3073 1356 3138 in·

258 3184 378 3269 speetis
393 3184 640 3250 dialecticorum
662 3180 864 3268 εἰσαγωγαῖς,
887 3194 922 3250 ut
945 3185 987 3250 de
1001 3184 1172 3251 axiomatis
1187 3208 1207 3249 a
1220 3182 1265 3250 M.
1274 3182 1357 3248 Var-

254 3310 334 3353 rone
358 3289 484 3377 profata
510 3290 564 3354 uel
588 3290 760 3378 proloquia
781 3290 952 3379 adpellatis
984 3313 1019 3358 se
1042 3291 1207 3376 edoceret,
1231 3291 1371 3377 quaesi-'

254 3397 341 3462 uisse
363 3398 632 3464 commentarium
652 3397 690 3464 L.
714 3399 791 3466 oali
815 3398 856 3464 de
876 3399 1068 3488 proloquiis,
1089 3423 1187 3488 quem
1209 3401 1279 3466 sine
1300 3401 1357 3466 du·

255 3505 309 3569 bio
322 3505 357 3570 in
372 3507 489 3571 eodem
501 3507 585 3572 libro
594 3506 755 3572 Varronis
769 3515 865 3594 utque
888 3507 971 3574 illud
993 3519 1207 3576 memoratum
1229 3510 1357 3576 uiderat

256 3615 312 3698 (ef.
324 3613 361 3680 L.
375 3614 541 3680 Meroklin
561 3614 593 3679 d.
605 3614 799 3681 eitiermeth.
818 3615 849 3680 d.
863 3615 952 3684 Geli.
976 3615 1227 3684 inFleekeiseni
1249 3619 1355 3684 annal.

256 3797 454 3808 —-.--—-..—-

267 3983 271 3990 Ι
354 3919 382 3983 1)
401 3916 462 3973 Ηοα
486 3936 584 3974 moneo
608 3924 725 3990 propter
749 3921 879 3975 Carolum
903 3921 1000 3976 Prantl
1020 3924 1037 3976 l.
1056 3923 1074 3976 l.
1093 3941 1121 3992 p.
1138 3921 1191 3977 667
1216 3919 1315 3992 quiid
1340 3937 1357 3975 a

256 4013 350 4068 stoicis
370 4015 489 4068 alienum
509 4018 598 4085 putat.
616 4015 746 4070 Laertius
765 4022 858 4072 autem
879 4018 1018 4088 Diogenes
1040 4015 1158 4092 (111163)
1182 4019 1293 4074 seribit:
1313 4019 1355 4072 ll-

253 4111 319 4177 λιπῆ
335 4108 433 4181 (λεκτὰ)
451 4111 507 4184 μὲν
525 4105 574 4166 οὖν
591 4114 648 4166 ἔστι
666 4110 699 4166 τὰ
718 4108 922 4184 ἀναπάρτιστον
947 4117 1046 4187 ἔχοντα
1069 4113 1119 4184 τὴν
1145 4113 1271 4189 ἐκφορὰν
1297 4110 1357 4169 οἷον

252 4203 386 4278 ’γραφεῖ’·
407 4209 586 4281 ἐπιζητοῦμεν
602 4205 656 4279 γὰρ
674 4214 729 4274 rlr;
759 4211 835 4278 quod
857 4227 922 4264 eum
940 4211 970 4265 in
986 4212 1077 4281 prima
1102 4216 1130 4265 et
1150 4210 1272 4265 secunda
1294 4225 1356 4280 per·

255 4319 324 4356 sona
347 4303 476 4358 absolute
501 4305 600 4373 quaeri
623 4322 680 4359 nou
703 4305 801 4376 possit,
827 4306 978 4362 disemmeu
1003 4305 1142 4376 quoddam
1166 4306 1309 4360 interires
1327 4309 1357 4360 et

253 4398 330 4451 illam
348 4398 447 4452 fecisse
466 4400 570 4454 stoicos
590 4401 722 4470 sequitur.
