3126 5146
818 467 876 526 itu

266 643 306 704 m
405 641 532 708 Plinius
550 641 709 708 sermonis
731 641 822 709 dubii
834 642 884 708 Vl
898 642 939 708 de
952 641 1118 710 Varronec
1142 663 1238 732 quam
1256 645 1397 710 maximo

300 750 408 816 uicina
430 749 560 820 Graeco
584 750 714 820 Graeca
736 751 825 837 dicit,
847 751 895 817 uti
916 772 977 818 neo
999 753 1173 820 schematis
1197 753 1329 841 quidem
1350 747 1398 817 dl·

302 869 355 926 uat
378 861 436 926 sed
459 860 650 928 schemasin.

264 1047 301 1109 23
403 1043 470 1112 Gir.
491 1044 597 1111 Varro
612 1045 654 1112 ad
666 1045 862 1114 Ciceronem
884 1049 936 1116 XI
957 1071 1015 1137 per
1037 1070 1152 1116 omnes
1173 1072 1266 1116 casus
1286 1049 1320 1115 id
1343 1072 1397 1116 no*

301 1175 376 1218 meu
397 1153 446 1220 ire
468 1153 590 1222 debere
612 1157 833 1223 conmeminit.

264 1337 304 1398 24
403 1339 592 1407 Secundum
614 1340 798 1406 Varronem
829 1341 979 1410 iuuenior
1002 1349 1034 1406 et
1055 1341 1163 1410 senior
1185 1341 1397 1432 comparatiui

301 1457 375 1513 sunt
398 1470 458 1536 pcr
479 1448 738 1517 inminutionem.

398 1632 441 1688 22.
464 1633 572 1704 ehorp
591 1635 635 1702 52,
645 1632 693 1688 21:
712 1633 868 1704 Singularis
885 1629 1027 1688 neutrali
1045 1635 1142 1688 littera
1160 1633 1310 1688 terminata
1321 1635 1398 1692 nulla

299 1704 480 1759 inueniuntur
497 1706 551 1760 nisi
569 1705 727 1775 peregrina,
751 1707 783 1759 nt
805 1706 932 1760 toreuma
950 1706 1086 1761 emblema
1103 1715 1211 1775 poema,
1244 1703 1278 1760 de
1299 1699 1397 1774 quibua

301 1774 447 1830 dubitatur
465 1786 548 1845 quein
568 1794 662 1832 casum
680 1777 841 1847 genetiuum
862 1781 891 1831 et
907 1777 1061 1832 ablatiuum
1078 1777 1208 1832 habeant.
1225 1777 1344 1846 legimus
1355 1781 1398 1832 to»

301 1851 457 1902 reumatum
476 1853 504 1902 et
523 1853 751 1915 toreumatorum,
768 1848 971 1903 toreumatibus
986 1852 1015 1903 et
1033 1848 1195 1903 toreumatis
1216 1851 1245 1902 et
1264 1849 1306 1903 sic
1324 1849 1398 1919 simi·

300 1919 345 1972 lia.
382 1916 554 1974 commodius
572 1923 665 1974 tamen
685 1924 840 1989 senserunt,
859 1920 907 1988 qui
924 1924 1109 1975 toreumatum
1128 1923 1158 1972 et
1177 1923 1337 1988 poematum
1357 1916 1397 1974 ui-

301 1990 420 2044 uendum
437 1995 616 2062 putauerunt,
654 1990 755 2046 rimum
773 1991 847 2060 quod
865 1991 933 2046 haec
950 1992 1039 2062 magis
1058 1991 1093 2046 ad
1111 2007 1257 2048 romanum
1274 1991 1398 2048 colorem

301 2055 431 2116 uidentur
453 2062 600 2130 accedere,
629 2009 694 2116 dein
720 2063 794 2129 quod
812 2079 1001 2132 quaecumque
1020 2063 1132 2116 nomina
1148 2063 1279 2133 genetiuo
1297 2063 1398 2133 plurali

301 2133 374 2202 apud
393 2143 509 2204 graecam
527 2151 578 2203 per
597 2151 636 2188 ων
656 2133 765 2188 litteras
790 2133 984 2200 terminantur,
1010 2134 1146 2188 translata
1170 2134 1200 2186 in
1224 2133 1341 2188 latinum
1360 2147 1399 2190 ων

301 2203 329 2258 in
338 2204 394 2260 VM
412 2210 530 2271 mutant,
548 2210 581 2259 ut
597 2199 732 2292 Ἑκτόςων
749 2197 904 2275 Νεστόρων,
922 2205 1076 2260 Hectorum
1085 2205 1242 2260 Nestorem.
1262 2205 1302 2260 sic
1321 2223 1397 2276 ergo,

301 2292 364 2328 cum
381 2269 422 2329 illi
442 2276 536 2331 dicant
555 2267 739 2349 ἔμβληματων
757 2271 930 2349 reputantium
946 2296 1011 2343 ποιη
1036 2271 1115 2343 titur,
1134 2293 1184 2331 nos
1202 2280 1279 2332 recte
1295 2278 1398 2332 emble·

300 2351 407 2400 matum
423 2351 610 2402 toreumatum
627 2352 785 2418 poematum
807 2347 930 2402 dicimus.
950 2347 1012 2402 sim'
1026 2349 1080 2403 iter
1097 2347 1127 2402 in
1145 2349 1277 2417 mastico
1287 2359 1397 2417 quoque

301 2416 435 2488 singurlari
453 2439 483 2479 ος
498 2437 628 2490 graecum
646 2419 676 2474 in
695 2420 718 2473 is
737 2419 854 2474 latinum
871 2423 1019 2485 mutamus,
1045 2425 1077 2474 ut
1102 2413 1277 2491 ἔμβλὴματος
1294 2421 1397 2476 emble·

300 2490 392 2558 matis,
409 2487 569 2562 κηρώματος
587 2491 744 2560 ceromatia,
764 2484 917 2563 ποιήματος
926 2491 1071 2561 poematis,
1089 2485 1235 2562 πήγματος
1248 2491 1396 2562 pegmatis.

300 2571 365 2614 nam
384 2562 586 2617 nominatiuum
610 2558 746 2633 pluralem
772 2579 871 2632 graece
894 2555 1078 2632 proferemus:
1104 2567 1232 2633 poemata
1256 2565 1399 2616 ceromata

301 2639 432 2702 pegmata
449 2635 614 2690 emblemata
634 2639 664 2689 et
682 2634 790 2688 similia.
810 2633 879 2688 item
896 2634 1073 2704 poematibus
1091 2634 1277 2688 schematibus
1295 2633 1399 2689 emble*

302 2705 423 2759 matibus
447 2705 596 2761 dicendum
620 2710 670 2774 est,
699 2706 829 2774 quoniam
854 2722 1043 2774 quaecumque
1068 2705 1181 2759 nomina
1202 2705 1398 2774 cuiuscumque

302 2777 412 2845 generis
432 2777 566 2846 singulari
585 2794 700 2832 numero
720 2794 786 2831 casu
805 2776 926 2832 ablatiuo
945 2776 1030 2847 perE
1047 2775 1170 2831 litteram
1188 2780 1300 2843 exeunt,
1319 2793 1351 2830 ca
1368 2776 1399 2829 in

301 2847 434 2916 genetiuo
452 2848 554 2918 plurali
568 2847 624 2902 VM
640 2853 671 2902 et
688 2848 784 2905 datluo
803 2853 833 2902 et
850 2843 973 2903 ablatiuo
991 2848 1058 2903 BVS
1075 2847 1185 2903 litteras
1203 2847 1316 2915 habent,
1332 2853 1364 2902 ut
1382 2864 1399 2901 a

302 2919 411 2987 parieta
429 2919 569 2989 parietum
586 2919 749 2988 parietibus,
770 2937 787 2972 a
802 2919 917 2974 muliere
935 2919 1082 2974 mulierum
1099 2919 1271 2984 mulieribus,
1293 2920 1328 2974 ab
1350 2920 1399 2974 hc·

302 2989 376 3043 mine
394 2990 535 3046 hominum
551 2991 718 3058 hominibus,
738 3005 755 3044 a
772 2991 856 3045 litore
874 2990 988 3046 litorum
1005 2990 1150 3059 litoribus;
1179 2991 1219 3044 ric
1235 3008 1252 3044 a
1271 2995 1399 3060 poemate

302 3067 463 3130 poematum
480 3063 655 3133 poematibus
666 3067 694 3116 et
705 3067 800 3116 cetera
819 3062 926 3119 similia.
946 3062 1042 3117 Cicero
1052 3062 1081 3116 iu
1091 3063 1207 3116 Verrem
1215 3061 1271 3115 1111
1290 3067 1400 3116 tantum

302 3133 505 3188 emblematum.
548 3133 689 3188 Romanus
710 3134 802 3203 (Char.
823 3156 848 3205 p.
861 3139 923 3202 140,
941 3138 966 3200 5)
991 3134 1127 3203 poematis
1151 3133 1246 3201 refert,
1274 3132 1400 3202 quamuis

301 3204 374 3258 ratic
393 3205 568 3274 poematibus
586 3205 678 3259 faciat.
720 3221 784 3259 num
812 3205 840 3259 et
858 3203 970 3260 Varro
1001 3203 1040 3258 sic
1065 3205 1194 3259 inscribit
1212 3205 1241 3260 iu
1257 3203 1329 3259 libro
1348 3221 1399 3258 auo

302 3267 346 3330 ‘de
366 3275 513 3345 poematis'
532 3277 560 3330 et
577 3275 685 3330 Annius
707 3275 806 3331 Florus
830 3272 866 3330 ad
892 3275 984 3330 diuum
1005 3275 1177 3331 Hadrianum
1196 3273 1340 3346 ‘poematis
1359 3273 1400 3329 di·

301 3343 409 3400 lector'.
451 3347 566 3401 Plautus
586 3347 697 3402 schema
720 3365 771 3418 pro
797 3348 935 3403 schemate
954 3347 1027 3402 dixit
1045 3349 1075 3404 in
1093 3346 1297 3418 Amphitruone
1318 3343 1398 3420 (prol.

302 3417 364 3488 117)
390 3417 452 3544 ‘hup
480 3436 547 3543 erpo
565 3418 691 3501 processi
711 3436 774 3474 cum
793 3419 886 3474 seruili
904 3416 1032 3474 schema’.
1070 3418 1209 3473 Plinius
1228 3417 1401 3474 sermonis

303 3501 426 3544 ...se
469 3508 504 3547 sc
536 3507 677 3544 emusrn.

400 3586 444 3644 23.
462 3583 542 3642 Char.
562 3605 588 3712 p.
608 3585 668 3655 131,
685 3585 715 3641 7:
736 3583 802 3642 eit.
820 3585 932 3643 Varro
953 3628 959 3642 .
981 3628 988 3641 .
1010 3627 1015 3640 .
1035 3585 1274 3642 conmeminit.
1313 3585 1398 3711 uolpo

301 3661 394 3712 autem
411 3657 464 3713 hoc
483 3655 548 3728 gitti
583 3659 669 3713 icunt.
706 3659 802 3728 itaque
828 3662 860 3713 ut
883 3657 990 3713 Plinius
1018 3657 1154 3712 sermonis
1173 3655 1250 3713 dubii
1269 3654 1342 3712 libro
1387 3653 1398 3708 l

301 3743 318 3778 e
336 3745 354 3778 s
373 3736 407 3799 cs.
427 3726 544 3800 Chanp.
556 3729 600 3799 34,
610 3724 654 3785 27.
668 3730 712 3799 35,
722 3729 766 3784 28.
785 3747 844 3785 exc.
863 3741 978 3799 gramm.
999 3747 1026 3800 p.
1039 3729 1100 3797 546,
1114 3728 1158 3784 36,
1177 3729 1239 3797 551,
1256 3725 1297 3783 17.

400 3823 444 3880 24.
465 3825 541 3881 Seru.
561 3823 697 3896 adierg.
712 3821 895 3882 Aeniam:
915 3823 1115 3882 Secundum
1132 3825 1342 3880 Varronem.
1365 3864 1371 3878 .
1392 3868 1398 3878 .

302 3887 579 3952 inminutionem.
609 3897 673 3952 hinc
691 3897 720 3951 et
744 3899 822 3966 (Aea.
843 3895 951 3966 Visos)
972 3897 1036 3951 ‘iam
1053 3896 1154 3964 senior,
1174 3896 1223 3951 sed
1242 3896 1328 3951 cruda
1347 3895 1398 3950 deo

301 3968 452 4038 uiridisque
471 3970 623 4038 senectus„
635 3969 761 4023 additum
780 3968 853 4022 enim
869 3968 924 4023 hoc
945 3974 987 4022 est
1006 3969 1041 4022 ad
1060 3968 1269 4038 exprimendum
1283 3967 1350 4036 quid
1364 3967 1400 4021 sit

304 4039 404 4093 senior.
423 4041 490 4094 item
509 4038 622 4094 Ouidius
642 4044 757 4108 (meram.
778 4044 833 4094 ΧΗ
841 4042 906 4106 464)
926 4039 1008 4094 ‘inter
1028 4040 1211 4108 iuuenemque
1232 4038 1399 4107 senemque’.

303 4113 332 4164 et
351 4128 382 4165 re
401 4129 469 4167 uera
486 4129 542 4168 non
569 4111 701 4167 conuenit
727 4111 801 4167 hunc
827 4111 895 4166 satis
921 4129 1016 4166 senem
1037 4111 1134 4180 accipi,
1160 4110 1208 4180 qui
1234 4115 1263 4164 et
1287 4110 1400 4165 uincere

404 4277 419 4336 1
441 4273 616 4356 plumarii
630 4270 646 4357 ll
667 4280 686 4336 2
707 4288 794 4352 greco
816 4291 903 4352 greco
923 4253 966 4336 dt
969 4277 1005 4338 N
1023 4275 1072 4350 116
1096 4275 1230 4336 iuuenior
1251 4280 1281 4336 et
1301 4277 1399 4336 senior

303 4363 366 4425 uod.
387 4362 532 4424 Laureae.
550 4363 630 4438 plut
650 4361 757 4422 XXII
766 4365 784 4421 1
803 4362 968 4438 Humburq.
983 4363 998 4432 ΙΙ

1410 1160 1427 1214 5
