3126 5146
836 433 877 492 et

311 610 382 695 quit
402 611 567 697 ‘tanquam
588 634 686 676 sonus
709 612 814 698 magis
836 611 882 696 fit,
906 633 999 696 quam
1021 611 1116 676 litera
1139 619 1171 674 et
1191 608 1351 678 accedens
1372 611 1409 676 li·

312 727 413 784 terae.
438 727 469 783 ct
488 728 625 785 utuntur
646 721 834 786 auctoritate
858 741 1050 805 graecorum
1081 719 1166 806 apud
1197 739 1277 802 quos
1299 729 1335 784 ut
1359 743 1409 784 su-

311 848 473 914 peruacua
494 828 620 892 sublata
633 838 691 896 est.
716 829 817 894 luisse
830 838 939 895 tamen
957 839 989 892 et
1006 828 1092 916 apud
1107 829 1181 893 illos
1196 828 1407 894 manifestum

309 945 425 1002 estex
445 937 612 1002 ueteribus
634 937 760 1024 scriptis
783 948 814 1008 et
838 961 880 1004 cx
904 961 942 1004 ec
967 937 1054 1026 quod
1076 937 1185 1022 hodie,
1216 961 1290 1004 cum
1320 937 1408 1025 apud

309 1045 383 1112 illos
409 1047 536 1112 numeri
561 1047 664 1135 prima
686 1071 815 1134 semper
829 1050 924 1114 litera
939 1048 1078 1114 nominis
1101 1070 1163 1134 quo
1181 1047 1407 1132 significantur

308 1165 474 1240 notentur,
495 1165 531 1220 ut
551 1158 582 1220 A
604 1153 689 1230 δέκα,
714 1159 747 1218 Π
774 1155 972 1237 πεντήκοντα,
1006 1155 1040 1216 H
1058 1155 1168 1218 drosos
1183 1164 1336 1222 notentur
1357 1157 1408 1240 (ut

307 1262 387 1326 δέκα
402 1262 590 1343 πεντήκοντα
614 1263 725 1330 ἕκατον
735 1267 796 1350 Ε).
818 1267 905 1332 undo
924 1267 1059 1352 adparet
1078 1266 1160 1332 hanc
1183 1266 1311 1332 literam
1329 1267 1403 1332 loco

308 1373 536 1460 adspirationis
560 1397 624 1438 non
648 1373 757 1460 fuisse,
783 1374 928 1462 alioquin
948 1375 1247 1462 porEnotaretur’.
1272 1375 1404 1444 uideba-

309 1491 363 1548 tur
384 1482 526 1548 Varroni
548 1493 656 1548 autem
678 1485 758 1549 hacc
782 1493 858 1548 nota
882 1493 917 1548 ut
938 1484 1105 1550 uocalibus
1130 1483 1175 1548 ita
1199 1484 1403 1550 consonanti·

308 1591 369 1656 bus
402 1614 530 1677 quoque
555 1595 609 1675 (fr.
633 1593 687 1676 56)
715 1593 958 1679 praeponenda,
990 1595 1020 1660 R
1051 1615 1129 1658 uero
1157 1593 1265 1662 littera
1293 1603 1406 1660 contra

308 1723 503 1786 graecorum
531 1726 623 1768 usum
653 1701 848 1791 adspiranda
879 1726 944 1768 uon
971 1725 1042 1768 esse
1073 1702 1125 1784 (ir.
1143 1703 1210 1784 bt).
1253 1701 1404 1790 spiritum

309 1829 407 1894 quem
429 1817 572 1888 adriatica
596 1810 666 1896 ipsc
689 1810 768 1876 dicit
792 1831 900 1876 rerum
925 1810 1117 1876 rusticarum
1135 1811 1196 1878 III
1214 1811 1242 1894 l,
1257 1811 1287 1894 6,
1305 1817 1407 1888 flotam

309 1940 352 1984 ex
376 1939 414 1984 eo
435 1931 471 1985 ut
493 1919 624 1984 uidetur
636 1919 779 1988 Scaurus
795 1943 825 2008 p.
838 1919 931 2002 2252,
953 1928 1106 2006 quantum
1128 1919 1199 1986 fieri
1220 1929 1333 2008 posset
1355 1941 1404 1986 re·

310 2028 453 2117 primcre
477 2029 600 2096 studuit
622 2029 744 2114 (free)
770 2039 802 2094 et
820 2029 915 2094 ineis
931 2038 1054 2094 tantum
1070 2028 1238 2098 uocabulis
1262 2028 1404 2113 admisit,

311 2137 367 2203 ubi
388 2138 590 2224 etymologia
619 2161 692 2204 eum
724 2141 913 2226 postularet,
943 2138 1052 2226 itaque
1085 2138 1183 2204 scribi
1209 2139 1304 2206 iussit
1325 2151 1407 2206 ortus

312 2269 379 2312 non
401 2255 503 2314 tortas
516 2251 556 2314 ab
570 2247 716 2332 oriendo,
737 2257 814 2314 utica
827 2249 866 2314 ab
880 2247 1009 2332 alendo,
1031 2256 1140 2316 alicula
1164 2249 1203 2314 ab
1226 2249 1296 2315 alis.
1318 2249 1406 2316 idem

277 2439 281 2450 .
311 2357 469 2422 etiamad
491 2353 665 2444 peregrina
689 2359 789 2422 uerba
812 2358 974 2424 transtulit
995 2367 1031 2422 ut
1054 2358 1123 2424 sine
1146 2357 1244 2424 dubio
1261 2358 1407 2426 inGilone

314 2491 383 2534 eam
408 2467 568 2554 originem
591 2475 722 2531 secutus
748 2477 808 2550 cst,
846 2491 908 2553 qua
939 2467 1036 2534 homo
1067 2467 1197 2554 angusti
1229 2466 1342 2554 capitis
1373 2477 1406 2532 et

312 2576 447 2662 oblongi
474 2585 532 2659 est,
567 2599 634 2640 non
663 2597 731 2640 cam
757 2599 820 2660 qua
844 2576 1085 2662 inprobioribus
1109 2577 1208 2654 labris
1231 2598 1303 2643 esse
1327 2574 1405 2642 dici-

310 2695 364 2751 tur
385 2685 442 2769 (cf.
464 2685 538 2750 Vel.
562 2685 668 2770 Long.
694 2685 843 2770 petel).
887 2696 998 2752 contra
1027 2709 1102 2752 cum
1131 2684 1351 2773 adspiratione
1378 2685 1407 2749 ei

310 2793 434 2881 placuit
454 2792 593 2860 dicenda
616 2815 686 2860 esse
708 2794 838 2876 herena,
860 2817 943 2880 quae
964 2794 1124 2863 aSabinis
1139 2795 1260 2877 laeena,
1281 2793 1405 2860 haedus

310 2902 421 2970 hircus
445 2902 605 2968 hordeum
626 2903 769 2970 hariolus
796 2905 907 2988 bostis,
930 2904 1003 2991 quia
1017 2905 1058 2968 ab
1071 2903 1211 2988 antiquis
1224 2903 1278 2988 qui
1299 2903 1406 2968 eidem

310 3012 423 3082 Sabini
456 3021 532 3078 sunt
565 3009 621 3097 (cf.
643 3012 703 3078 Tb.
725 3013 909 3080 Mommsen
931 3013 1094 3080 unterital.
1119 3013 1195 3080 dial.
1218 3037 1249 3100 p.
1267 3012 1328 3080 358
1341 3014 1402 3096 sq.)

310 3121 423 3188 faedus
447 3122 544 3187 fircus
576 3122 726 3188 fordeum
760 3123 893 3188 feriolus
925 3123 1017 3188 tostis
1037 3123 1099 3225 ¹(cl.
1124 3123 1216 3190 Paul.
1241 3145 1272 3209 p.
1290 3121 1332 3187 84
1346 3121 1404 3202 M.)

311 3231 605 3320 pronuntiabantur
618 3232 655 3314 ¹).
678 3231 852 3319 adspiratio
875 3231 907 3296 in
932 3232 1048 3298 mediis
1066 3232 1234 3298 uocabulis
1257 3231 1288 3299 ei
1310 3253 1406 3318 quam

309 3339 449 3406 maxime
471 3340 654 3408 coercenda
682 3341 866 3424 uidebatur,
901 3352 937 3408 ut
958 3341 1102 3408 Semnus
1126 3366 1156 3430 p.
1169 3340 1251 3406 2256
1274 3340 1406 3408 demon-

309 3459 389 3518 strat
409 3450 453 3515 ‘et
474 3450 629 3518 Pulcrum
652 3450 767 3537 (negat
785 3451 894 3516 Varro
916 3451 1147 3539 adspirandum
1169 3451 1266 3536 esse),
1295 3473 1405 3540 quom-

313 3591 500 3604 nanuum—...-

409 3660 434 3730 1)
453 3659 521 3714 Cum
539 3677 606 3714 uero
624 3665 770 3730 praeterea
788 3661 933 3733 elfarrone
952 3661 1081 3730 antiquos
1100 3663 1194 3716 tabam
1211 3658 1313 3716 dixisse
1331 3655 1406 3730 quod

306 3754 476 3826 posteriores
496 3758 585 3824 fotam
609 3757 776 3828 proferatur,
801 3757 853 3811 hoc
876 3775 932 3810 non
957 3758 1072 3810 multum
1099 3757 1133 3810 ab
1154 3755 1193 3809 cis
1212 3756 1309 3810 abesse
1327 3754 1405 3808 uides

308 3870 378 3922 quae
397 3852 427 3905 A.
447 3851 588 3921 Kiessling
605 3853 640 3906 de
665 3853 777 3920 Dionys.
804 3853 891 3907 Halic.
917 3853 1002 3922 antiq.
1024 3857 1097 3906 auct.
1119 3852 1166 3905 lat.
1185 3870 1212 3922 p.
1227 3851 1262 3906 39
1279 3847 1405 3906 Varrone

307 3968 363 4003 non
381 3948 632 4018 iudigna'putabat
650 3949 722 4018 apud
743 3949 869 4002 Seruium
889 3949 925 4002 ad
945 3949 1027 4019 Verg.
1047 3949 1114 4002 Aen.
1124 3947 1176 4002 Vll
1185 3947 1251 4002 695:
1272 3947 1405 4001 ‘Faliscos

307 4043 423 4098 Halesus
442 4044 577 4098 condidit.
596 4044 625 4096 hi
646 4050 738 4098 autem
757 4044 1010 4100 immutatoHinF
1028 4043 1129 4099 Falisci
1147 4043 1217 4098 dicti
1236 4047 1310 4103 saint,
1333 4043 1406 4096 sicut

305 4140 391 4195 lebria
411 4140 516 4196 dicitur
542 4158 612 4209 quae
635 4146 700 4196 ante
724 4143 818 4196 hebris
842 4142 997 4211 dicebatur,
1021 4141 1151 4196 Formiae
1176 4157 1245 4208 quse
1273 4139 1405 4195 Hormiae

306 4237 420 4292 fuerunt
437 4235 493 4292 ἀπὸ
512 4240 558 4306 τῆς
574 4238 668 4312 ὁρμῆς.
688 4257 752 4294 nam
770 4241 919 4309 posteritas
948 4240 977 4294 in
1002 4239 1097 4294 multis
1121 4237 1281 4294 nominibus
1306 4236 1329 4290 F
1353 4253 1404 4308 pro

306 4335 333 4390 H
351 4335 461 4406 posuit'.
