3126 5146
732 494 780 554 991

201 664 333 754 quodhi
345 665 521 753 scriptores
533 673 635 740 artem
651 665 816 740 dicebant.
838 665 1012 737 caconem
1031 669 1113 738 libro
1131 681 1297 740 ,mutuatus

164 814 166 818 ·
200 784 249 846 est
270 796 354 862 quae
375 775 412 853 in
435 774 561 847 eisdem
581 774 735 851 institutis
759 775 1099 864 artium„(p.152‚30)
1124 781 1165 846 dc
1183 779 1299 851 aduer-

199 883 262 960 biis
283 909 302 954 a
323 882 569 969 pronominibus
593 882 747 958 desinatis
770 884 975 970 leguntur1),
1003 888 1198 972 quibuscum
1223 914 1299 958 oon-

199 993 352 1082 pensata
373 1002 448 1062 sunt
467 1011 549 1080 quae
572 991 752 1078 Diodornius
774 1018 806 1082 p.
826 994 907 1060 1905
931 1005 963 1061 et
975 995 1151 1086 Pompeius
1173 999 1215 1066 ad
1230 1002 1298 1067 Do·

199 1112 313 1182 uatum.
326 1101 472 1189 iodea)
496 1101 677 1178 svsrrnns
699 1102 740 1175 clo
761 1104 1008 1191 pronominibus
1028 1109 1211 1194 proferunt.

227 1229 231 1240 ·
301 1210 405 1281 Orsus
428 1220 488 1294 est,
508 1211 1178 1302 utuideturpgrammaticaedefinitione‚
1201 1242 1299 1306 quam

199 1323 284 1393 hane
305 1343 388 1393 osse·
400 1321 522 1394 noluit:
540 1330 735 1402 preconator
755 1331 932 1397 catecasta
951 1348 1054 1393 coram
1075 1351 1149 1406 qaae
1168 1352 1188 1392 a
1203 1337 1301 1408 portia

199 1441 346 1506 chartas
368 1439 590 1512 auroramque
611 1437 750 1498 dicantar
774 1455 810 1498 aa
827 1443 917 1513 para
938 1443 1048 1502 maiore
1067 1435 1120 1518 (fr.
1132 1436 1196 1517 91).
1226 1457 1299 1506 eam

201 1541 338 1629 egregie
366 1540 542 1609 conuenire
569 1563 644 1610 oum
666 1539 808 1625 Dionysi
832 1541 966 1612 Thracis
992 1541 1181 1613 definitione
1206 1545 1300 1614 initio

200 1650 555 1732 rixvqcypappquxig
581 1649 768 1737 proposita:
798 1651 1003 1732 γραμματική
1031 1645 1116 1716 ἐστιν
1149 1655 1301 1736 ἐμπειρία

201 1760 262 1828 cciv
284 1755 374 1837 nopai
397 1764 541 1854 ποιητᾳῖς
560 1779 593 1820 τε
615 1759 670 1820 καί
692 1760 932 1840 συγγραφεῦσιν
951 1755 995 1832 ὥς
1016 1760 1071 1825 ἐπὶ
1093 1762 1128 1824 τὸ
1152 1758 1233 1824 πολὺ
1255 1768 1302 1826 λε,

201 1865 379 1953 pape'mffl)
409 1867 494 1968 uidit
520 1867 620 1934 Elink
651 1866 753 1940 Stcrk
787 1867 828 1932 de
862 1869 1112 1956 parapleromat.
1136 1871 1171 1936 in
1195 1875 1299 1958 symb.

201 1985 263 2054 litt.
286 1984 382 2069 Belg.
393 1983 478 2050 VIII
500 1983 563 2070 p.ss
585 1983 624 2050 of.
647 1983 692 2054 Μ.
705 1981 855 2052 Schmidt
875 1980 1034 2068 philolog.
1057 1981 1149 2050 VIII
1171 2005 1203 2069 p.
1226 1983 1298 2052 235.

202 2095 263 2160 247
285 2103 318 2162 et
339 2094 489 2180 profecto
512 2113 646 2180 prorsus
667 2091 783 2164 eadem
802 2099 861 2174 est,
883 2100 1112 2178 praeterquam
1134 2092 1220 2176 quod
1239 2114 1304 2179 pro

203 2203 442 2286 συγγραφεῦσιν
463 2203 646 2272 accuratius
672 2202 801 2270 locutus
831 2200 1002 2268 historicos
1032 2210 1065 2269 et
1084 2211 1229 2268 oratores
1255 2201 1303 2267 di-

204 2321 280 2380 cere
301 2311 424 2381 maluit.
449 2313 530 2380 duos
552 2322 660 2380 autem
680 2312 776 2380 huius
797 2311 950 2381 scientiae
962 2312 1086 2397 gradus
1100 2335 1174 2378 eum
1191 2313 1302 2380 distin·

201 2423 301 2508 risse,
331 2443 469 2507 quorum
490 2422 630 2490 alterum
657 2422 891 2492 litterationem
919 2422 1058 2488 alterum
1084 2422 1301 2496 litteraturam

201 2532 412 2618 nuncupauit,
433 2531 604 2600 coniuncta
614 2529 794 2616 Augustini
807 2530 849 2596 de
865 2531 934 2598 ord.
948 2530 984 2599 II
1002 2532 1053 2610 12,
1065 2530 1116 2597 35.
1133 2531 1183 2615 37,
1208 2553 1304 2616 quem

202 2662 245 2706 ex
263 2649 355 2727 parta
377 2640 533 2730 excripsit
542 2639 688 2712 Isidorus
711 2640 795 2725 orig.
808 2639 869 2724 13,
881 2641 910 2724 1,
933 2649 966 2704 et
976 2640 1128 2706 Martiani
1143 2639 1302 2729 Capellae

300 2844 329 2914 1)
349 2843 404 2903 Ter
423 2823 581 2908 omninc'iu
600 2859 633 2898 eo
652 2859 737 2913 opere
755 2842 910 2898 Varronem
928 2842 1024 2898 laudat
1041 2843 1157 2898 Probus·
1189 2861 1247 2898 uon
1264 2843 1305 2897 ui-

203 2942 286 3004 detur
304 2941 420 2996 tertium
439 2939 631 2994 testimonium
649 2938 685 2992 ad
706 2939 809 2993 librum
829 2939 969 3020 quendam
988 2940 1201 3009 grammaticum
1216 2946 1305 3009 'spec-

202 3043 263 3092 tare
283 3039 319 3109 (p.
330 3035 392 3106 127,
401 3037 450 3092 31:
470 3035 622 3106 ‘quaeritur
640 3053 694 3104 qua
713 3035 747 3090 de
766 3034 944 3089 oausaVarrc
955 3037 1108 3089 masculum
1126 3040 1155 3089 et
1171 3035 1302 3089 feminam

203 3152 285 3189 auos
307 3133 503 3204 pronuntiarit.
521 3131 574 3186 hac
593 3131 627 3186 de
648 3149 738 3200 causa,
769 3132 899 3201 quoniam
923 3150 1112 3205 quaecumque
1133 3131 1245 3202 generis
1265 3131 1304 3185 fe-

203 3231 300 3284 minini
318 3230 431 3284 nomina
450 3229 598 3300 generibus
616 3227 776 3283 masculinis
795 3229 974 3298 reperiuntur
985 3245 1045 3284 esse
1056 3228 1213 3296 coniuncta,
1233 3227 1302 3283 haec

204 3328 255 3383 sub
275 3344 343 3381 sono
362 3327 472 3397 generis
491 3323 637 3382 masculini
657 3343 769 3380 necesse
789 3330 832 3380 est
847 3330 881 3379 ut
900 3326 1071 3394 procedant'.
1104 3325 1204 3379 eodem
1221 3324 1304 3378 modo

205 3429 269 3479 ante
293 3428 321 3478 et
345 3428 409 3493 post
436 3423 511 3477 hunc
530 3424 622 3478 locum
645 3423 821 3491 quaestiones
847 3439 861 3475 e
887 3421 1019 3477 Cicerone
1040 3422 1148 3476 Lucilio
1173 3421 1304 3476 Sallustio

205 3519 329 3592 Vergilio
348 3519 473 3592 sumpsit.
511 3518 546 3574 ef.
565 3513 628 3577 Ter,
646 3518 740 3574 Saaur.
759 3536 787 3592 p.
798 3517 867 3572 2251
879 3516 910 3572 Ρ.

304 3616 331 3686 2)
350 3614 421 3676 Eam
447 3611 638 3676 definitionem
664 3613 763 3670 Sextus
789 3610 947 3680 Empiricos
977 3610 1040 3664 adu.
1066 3627 1181 3680 gramm
1201 3606 1237 3664 57
1263 3610 1305 3667 ita

205 3713 305 3778 tradite
323 3706 501 3786 γραμματική
521 3712 596 3770 ἔστιν
614 3712 742 3782 ἐμπειρία
761 3707 798 3770 ὥς
815 3710 862 3763 ἐπὶ
879 3705 909 3762 τὸ
929 3709 1059 3760 πλεῖστον
1072 3707 1127 3760 τῶν
1136 3701 1211 3777 παρὰ
1224 3725 1303 3774 ποιη-

204 3815 263 3873 ῃιῑς
280 3827 309 3871 τε
327 3812 373 3868 καὶ
390 3807 580 3890 συγγρᾳφεῦσι
599 3809 766 3878 λεγομένωις,
782 3821 865 3874 quam
881 3820 940 3888 prol
953 3801 1073 3872 genuina
1092 3801 1210 3868 Dionysi
1229 3802 1304 3870 (nam

206 3906 287 3969 huius
316 3903 465 3984 scriptoris
488 3899 646 3959 Aristarchi
669 3901 799 3970 discipuli
822 3917 853 3952 re
876 3915 945 3952 uera
970 3897 1134 3968 opusculum
1152 3896 1222 3949 illud
1243 3913 1302 3951 asse

206 4003 470 4066 demonstrauerunt
490 3999 521 4058 G.
533 3998 706 4054 Schoemann
725 4015 819 4068 opusc.
834 3996 873 4052 III
882 4013 910 4066 p.
920 3994 974 4048 244
986 4011 1025 4063 sq.
1044 3993 1081 4046 Μ.
1094 3992 1219 4047 Schmidt
1236 3992 1256 4046 1.
1270 3993 1304 4061 s.)

207 4098 368 4159 definitione
382 4082 454 4165 ¹post
470 4093 661 4155 Ptolemaeum
679 4092 897 4162 Peripateticum
916 4088 991 4162 apud
1009 4089 1124 4144 Sextum
1142 4085 1241 4141 1.s.72
1261 4105 1305 4142 ae·

208 4191 437 4268 ceparuntLehrs
453 4190 498 4244 1-1.
510 4190 635 4244 Schmidt
644 4189 661 4242 l.
670 4188 687 4242 l.
698 4207 725 4261 p.
734 4188 796 4254 242,
817 4187 990 4242 Schoemann
999 4185 1016 4237 1,
1027 4202 1048 4237 s.
1066 4203 1095 4257 p.
1106 4183 1169 4252 247,
1187 4183 1217 4236 id
1232 4183 1306 4254 quod

208 4290 342 4347 Varronis
353 4289 529 4356 auctoritate,
550 4285 754 4370 qpimaniiesto
767 4284 891 4354 Dionysii
910 4287 999 4338 artem
1012 4281 1147 4350 sequitur,
1166 4298 1223 4335 non
1241 4298 1306 4335 con·

208 4388 343 4443 firmatur.
