3152 5142
833 473 873 532 64

303 649 337 715 in
357 649 493 739 reliquis
515 670 642 738 quoque
666 650 765 715 rebus
786 650 857 716 sine
882 650 981 717 dubio
1002 650 1089 716 feoit.
1135 650 1176 715 dc
1200 651 1402 737 syllabarum

305 761 505 848 temporibus
518 760 543 844 ²)
568 769 700 846 praeter
722 781 760 823 ca
783 779 866 843 quae
882 757 1017 827 Seruius
1039 760 1139 825 habet
1157 759 1236 848 quid
1252 760 1401 826 docuerit

304 869 369 934 dici
402 868 514 954 nequit
527 867 565 954 2).
609 890 802 935 conmunem
832 879 922 934 certe
956 869 1117 956 syllabam
1144 869 1184 933 ab
1213 879 1401 937 comediam

306 999 378 1042 osse
401 967 597 1063 adpellatam
620 997 638 1042 e
661 977 763 1042 Mario
786 976 955 1043 Victorino
979 977 1031 1043 15
1052 999 1084 1066 p.
1098 976 1195 1044 306.
1217 999 1249 1066 p.
1261 979 1342 1044 2471
1361 981 1399 1046 P.

302 1087 460 1173 suspicor,
489 1108 586 1172 quem
618 1107 661 1151 ne
693 1087 787 1174 plura
817 1087 880 1152 boc
912 1088 1017 1174 capite
1041 1109 1059 1154 e
1079 1088 1230 1155 Varrone
1252 1087 1399 1157 hausisse

303 1207 398 1283 putes
420 1193 555 1262 Luciani
577 1196 731 1264 Muelleri
748 1195 826 1261 uide
845 1195 1098 1284 disputationem
1124 1199 1158 1282 (l.
1181 1199 1203 1263 l.
1224 1221 1255 1287 p.
1271 1200 1309 1264 16
1325 1200 1399 1286 sq.).

302 1304 451 1371 ordinem
471 1313 578 1370 autem
600 1325 710 1370 rerum
731 1303 888 1370 siSeruio
911 1315 960 1370 est
981 1306 1063 1371 fides
1083 1305 1170 1370 hunc
1191 1306 1340 1392 instituit,
1363 1317 1400 1372 ut

300 1413 406 1500 primo
431 1413 472 1478 de
493 1413 609 1501 spiritu
633 1413 753 1479 deinde
778 1415 818 1480 dc
841 1424 977 1481 accentu
1001 1426 1165 1503 postremo
1194 1417 1235 1482 do
1256 1417 1399 1502 syllaba·

300 1545 372 1588 rum
395 1522 602 1609 longitudine
628 1532 660 1588 et
681 1523 842 1588 breuitate
865 1534 988 1610 ageret,
1018 1547 1100 1610 quas
1121 1526 1202 1591 ratio
1226 1535 1398 1612 praetcrea

301 1652 340 1697 eo
362 1632 607 1715 commendatur,
631 1632 718 1718 quod
740 1633 784 1697 ita
806 1633 1081 1722 simplicissimum
1102 1635 1270 1700 transitum
1296 1635 1336 1700 ad
1349 1658 1399 1700 ss·

301 1751 453 1828 quantem
478 1742 539 1808 sibi
559 1743 686 1831 parauit
707 1741 836 1809 librum.

400 1854 585 1936 Quartus
620 1852 706 1917 enim
736 1852 848 1918 liber
873 1852 921 1917 de
948 1839 1396 1938 rebus-metriciserat,

300 1941 379 2049 duas
399 1963 581 2028 Varronem
605 1961 801 2046 explicuisse
822 1971 872 2027 sat
892 1983 1030 2047 magnus
1055 1962 1312 2048 fragmentorum
1337 1987 1396 2028 nu·

299 2093 407 2138 merus
428 2072 638 2156 demonstrat,
666 2073 700 2135 in
725 2071 787 2136 hoc
808 2071 893 2137 libro
919 2069 1115 2158 explicuisse
1137 2072 1258 2138 euinoit
1281 2073 1393 2139 Rufini

298 2181 519 2248 testimonium
538 2180 752 2269 probabiliter
774 2181 979 2246 emendatum
1003 2182 1059 2266 (cf.
1081 2205 1180 2270 supra
1200 2204 1231 2270 p.
1249 2181 1317 2266 47).
1362 2191 1395 2248 et
1483 2179 1485 2184 ’

300 2271 437 2378 egregia
461 2289 674 2378 congruentia
695 2313 757 2376 qua
787 2299 855 2354 tam
884 2300 959 2378 apte
992 2300 1024 2356 et
1044 2292 1277 2358 conuenienter
1298 2313 1395 2379 argu·

298 2411 407 2468 menta
428 2399 515 2467 tertii
540 2410 572 2467 et
594 2401 700 2487 quarti
729 2400 805 2466 libri
836 2423 909 2468 sese
925 2400 1099 2489 excipiunt
1120 2401 1208 2467 haud
1228 2421 1306 2467 sane
1328 2421 1395 2466 mc·

299 2653 302 2660 ·
398 2631 483 2705 1ch
500 2633 688 2706 adspiratione
707 2635 780 2690 intra
797 2635 953 2706 disputabo.

395 2731 425 2799 2)
444 2732 475 2786 In
495 2749 550 2801 quo
567 2747 661 2786 rerum
677 2747 785 2786 conexu
802 2731 857 2786 duo
874 2732 982 2801 reliqua
998 2731 1078 2786 buius
1089 2733 1156 2787 libri
1166 2731 1323 2804 fragmenta
1335 2731 1393 2788 lue·

297 2829 356 2886 rint
374 2827 487 2887 difficile
506 2831 550 2884 cst
567 2827 654 2898 dietu3
671 2827 790 2884 fortasse
806 2829 841 2883 da
858 2828 965 2898 primae
984 2829 1103 2898 syllabas
1116 2829 1293 2900 longitudine
1307 2830 1338 2884 in
1354 2836 1394 2900 [e-

178 2922 181 2927 ’
297 2949 363 2983 aare
382 2925 482 2994 (frma)
502 2925 613 2980 loeutus
632 2925 668 2980 ad
687 2925 823 2995 originem
840 2925 921 2980 huius
941 2926 1070 2980 uocabuli
1092 2931 1125 2982 ut
1143 2926 1251 2982 adsolet
1271 2927 1393 2983 transiit.

295 3029 421 3084 ceterum
437 3021 580 3078 Ludouico
598 3022 736 3078 Mercklin
758 3023 785 3078 d.
807 3023 975 3078 citiermeth·
1000 3023 1026 3079 d.
1045 3023 1116 3080 Gall.
1136 3041 1163 3094 p.
1181 3025 1241 3079 649.
1267 3029 1296 3080 et
1321 3025 1394 3080 Iulio

295 3121 490 3178 Kretzschmer
517 3119 552 3176 de
571 3119 642 3174 Gelli
660 3119 760 3174 fontib·
780 3136 807 3189 p.
823 3119 840 3174 9
859 3119 905 3186 (cf.
923 3119 961 3174 M.
981 3120 1066 3175 Hertz
1085 3121 1116 3175 in
1132 3120 1308 3176 Fleckeiseni
1326 3139 1391 3177 ann.

297 3215 366 3272 1862
385 3235 412 3286 p.
429 3215 481 3270 715
498 3215 550 3284 sq.)
570 3215 660 3270 Cloati
680 3213 746 3269 Veri
771 3215 877 3268 dictum
896 3215 1015 3270 Varroni
1033 3217 1153 3272 Gellium
1171 3218 1273 3274 debere
1290 3235 1394 3288 negan-

295 3313 371 3368 tibus
391 3309 540 3368 adsentior.
558 3309 633 3380 quod
654 3311 727 3366 enim
746 3329 763 3364 a
777 3311 877 3366 Verrio
896 3311 998 3367 Flacco
1018 3313 1100 3368 (teste
1115 3313 1200 3369 Festo
1218 3333 1244 3368 u.
1257 3313 1392 3369 obstitum

295 3427 323 3480 p.
333 3407 392 3463 193.
404 3407 565 3463 subuculam
578 3407 675 3478 1³:309.
686 3401 841 3462 molucrum
851 3424 878 3477 p.
888 3407 938 3463 141
952 3407 1069 3463 sacrima
1078 3427 1105 3480 p.
1115 3409 1175 3477 318,
1186 3411 1390 3480 posterioribus

295 3505 369 3560 enim
388 3504 456 3560 locis
475 3503 661 3561 certissimum
678 3505 772 3560 Vrsini
790 3505 1027 3574 supplementum
1047 3506 1120 3561 solus
1134 3507 1257 3562 occurrit
1267 3507 1392 3564 Cloatius

294 3619 321 3658 u.
340 3603 455 3658 obscum
472 3621 500 3673 p.
511 3603 571 3658 189.
591 3602 741 3672 piacularis
758 3619 785 3672 p.
796 3603 868 3672 213.)
888 3619 971 3673 saepe
990 3621 1054 3658 cum
1070 3604 1151 3659 Aelio
1173 3605 1280 3660 Stilone
1295 3606 1390 3662 laada·

293 3703 339 3754 tus
358 3703 410 3768 est,
428 3697 458 3754 id
475 3700 504 3754 in
516 3703 669 3769 utramque
687 3703 796 3770 partem
814 3701 890 3756 ualet
907 3704 991 3770 atque
1009 3706 1074 3756 uter
1088 3699 1127 3758 ¹ab
1148 3703 1236 3758 altero
1249 3703 1391 3760 adhibitus

293 3797 330 3851 ait
349 3815 406 3851 non
425 3797 507 3852 facile
526 3795 692 3852 adfirmabis.
713 3814 803 3866 neque
823 3815 838 3852 e
856 3798 980 3852 Varrone
1001 3798 1036 3855 de
1056 3799 1073 3852 l.
1087 3800 1105 3855 l.
1125 3799 1211 3855 vlot
1229 3819 1256 3870 p.
1270 3800 1324 3856 104
1343 3802 1393 3858 ubi

293 3894 429 3963 conplura
455 3895 540 3948 uerba
559 3893 647 3948 latina
666 3911 681 3948 e
703 3911 802 3964 graeco
821 3895 906 3949 ducta
923 3899 1059 3964 recenset,
1084 3914 1201 3966 quorum
1220 3898 1355 3967 quaedam
1376 3916 1393 3952 a

294 3989 399 4045 Cloatio
420 3993 542 4044 tractata
561 4007 619 4045 csse
639 3989 762 4044 Macrob.
784 3994 827 4045 sat
848 3991 977 4058 11118,4.
998 3991 1068 4058 19,2
1088 3992 1171 4047 docet
1191 3993 1233 4058 (cs.
1245 3998 1392 4062 practerea

293 4087 327 4142 de
345 4087 364 4142 l.
382 4087 401 4141 l.
421 4087 458 4142 VI
474 4086 509 4142 96
532 4105 558 4156 p.
577 4085 631 4140 277
655 4103 718 4142 cum
744 4087 815 4141 Gelli
834 4087 898 4141 XVI
914 4087 1002 4157 12,2)‚
1024 4089 1176 4143 Varronem
1200 4079 1290 4143 Cloati
1311 4090 1392 4146 libris

292 4201 374 4240 usum
396 4201 456 4239 esse
482 4183 598 4251 efficies,
628 4201 693 4238 nam
715 4184 784 4239 baec
807 4188 925 4253 uterque
950 4188 983 4238 ut
1006 4185 1061 4238 alia
1083 4186 1193 4242 mittam
1217 4204 1234 4241 a
1261 4187 1393 4242 conmuni

293 4283 407 4336 auctore
431 4279 596 4350 Hypsicrate
626 4279 673 4348 (cf.
694 4279 729 4334 dc
746 4279 764 4334 l.
785 4281 805 4336 l.
821 4279 895 4336 V88
912 4299 939 4351 p.
954 4279 1003 4349 90,
1031 4281 1069 4336 Μ.
1090 4281 1217 4336 Schmidt
1234 4281 1333 4337 Philol.
1352 4283 1392 4337 111

292 4395 319 4451 p.
330 4377 392 4432 458.
411 4376 449 4431 M.
470 4376 650 4448 Sengebusoh
667 4377 733 4432 diss.
752 4376 826 4434 bom.
845 4377 859 4430 I
877 4395 904 4448 p.
915 4377 947 4431 11
959 4385 1012 4448 sq.)
1035 4377 1162 4448 accipere
1180 4379 1284 4450 potuit.
