3140 5148
794 410 856 470 200

279 595 312 652 et
343 585 513 652 duxissent
546 586 587 654 ad
621 587 786 665 dextram,
820 597 1012 672 sequentem
1042 608 1176 656 uersum
1208 611 1226 654 a
1259 587 1376 655 dextra

278 704 371 784 parte
393 693 583 762 inchoantes
604 696 647 762 od
669 695 832 762 sinistram
859 697 1088 784 perducerent,
1121 719 1220 784 quem
1250 719 1375 764 morem

279 803 389 870 ferunt
411 803 574 869 custodire
597 803 704 870 adhuc
723 806 757 870 in
779 804 844 870 suis
876 805 946 872 liris
974 805 1125 871 rusticos.
1174 806 1238 872 hoo
1266 817 1376 872 autem

280 933 387 1000 genus
411 891 591 1000 scripturae
607 913 760 980 dicebant
768 910 1014 997 βουστροφηδὸν
1034 915 1164 981 aboum
1183 914 1379 998 uersatione,

280 1021 368 1088 unde
390 1023 497 1088 adhuc
518 1022 553 1088 in
565 1023 700 1108 arand0,
721 1022 778 1088 ubi
792 1023 911 1089 desinit
926 1025 1034 1090 sulcus
1057 1032 1090 1089 et
1111 1023 1200 1089 uude
1221 1023 1305 1090 alter
1326 1023 1403 1090 in-5

283 1130 436 1213 chester,
474 1153 611 1197 uorsura
643 1131 775 1219 proprio
806 1133 965 1198 uocabulo
1002 1141 1216 1219 nuncupatur.
1273 1133 1379 1198 omnis

283 1247 392 1304 autem
411 1260 527 1305 uersus
552 1239 592 1303 ab
616 1238 746 1326 integra
766 1248 858 1327 parte
881 1239 1035 1306 orationis
1055 1241 1171 1327 incipit
1188 1249 1220 1304 et
1241 1241 1276 1306 in
1299 1240 1380 1304 inte·

283 1357 410 1434 tagram
432 1347 549 1415 desinit
575 1351 723 1438 exceptis
747 1349 809 1436 his,
833 1373 915 1440 quae
939 1350 974 1416 in
995 1351 1173 1416 comoediis
1195 1350 1382 1416 ioculariter

285 1455 371 1522 dicta
393 1467 544 1545 corrupta
564 1467 621 1524 aut
641 1461 819 1547 semiplena
842 1461 1021 1528 efferuntur
1041 1453 1097 1524 aiat
1108 1481 1191 1549 quae
1207 1483 1281 1525 raro
1294 1459 1381 1548 apud

286 1565 395 1654 epicos
417 1566 513 1632 metri
533 1570 727 1634 necessitate
750 1569 942 1636 diuiduntur
960 1569 965 1656 1
984 1571 1055 1657 pari
1075 1570 1200 1635 ratione
1223 1569 1257 1634 in
1277 1591 1376 1636 uersu
1390 1581 1425 1636 10

286 1684 320 1740 et
341 1695 487 1766 apocope
508 1689 681 1766 praecepta
702 1689 761 1766 est,
788 1678 823 1745 id
848 1688 898 1744 est
918 1680 1093 1746 subtractio
1116 1678 1262 1766 syllabae
1285 1677 1382 1766 sylla·

283 1784 441 1850 barumue
465 1782 654 1874 [cuiuslibet
675 1798 771 1870 portis
791 1785 960 1876 orationis]
996 1797 1100 1853 metro
1123 1797 1264 1876 cogente
1287 1787 1383 1872 facta,

286 1915 368 1979 quae
391 1893 461 1960 siue
482 1894 516 1960 in
540 1896 641 1961 uerbo
664 1897 734 1962 siue
755 1897 790 1963 in
811 1897 943 1963 nomine
966 1896 1132 1982 acciderit,
1163 1919 1223 1984 pro
1255 1897 1384 1981 integra

285 2015 378 2093 parte
403 2007 556 2072 orationis
577 2006 766 2095 accipietur,
792 2017 828 2073 ut
851 2007 938 2073 ‘indo
962 2031 1019 2072 sua
1041 2005 1092 2072 do’
1122 2005 1158 2071 id
1189 2015 1238 2071 est
1266 2005 1302 2070 in
1325 2027 1383 2070 sua

287 2116 395 2182 domo.
430 2111 526 2180 item:
550 2117 598 2181 ‘ac
618 2117 720 2182 famul
738 2099 868 2182 infimus
888 2117 983 2182 csset’
1011 2115 1224 2204 profamulo.
1268 2113 1428 2180 simili-15

287 2233 337 2289 ter
362 2224 485 2310 ‘proras
510 2224 686 2290 detondete
708 2234 741 2290 et
765 2225 945 2314 despoliato
968 2225 1123 2311 guberna'
1146 2223 1180 2288 id
1202 2233 1252 2290 est
1265 2224 1384 2310 guber·

287 2334 412 2399 nacula.
432 2333 437 2416 1
456 2355 571 2400 uersus
585 2342 692 2399 autem
710 2335 807 2400 distat
821 2359 839 2400 a
852 2344 968 2419 metro,
992 2335 1079 2422 quod
1100 2333 1135 2398 in
1157 2355 1255 2399 uersu
1276 2331 1385 2398 statim

272 2441 417 2572 *auditur
435 2449 468 2508 et
488 2451 638 2528 metrum,
658 2444 693 2509 in
714 2453 819 2510 metro
841 2453 949 2510 autem
968 2466 1036 2510 non
1058 2444 1165 2510 statim
1185 2464 1310 2508 uersus.

237 2537 271 2599 to

378 2601 444 2683 Qui
472 2621 588 2668 uersus
616 2599 696 2667 facit
722 2601 811 2682 παρὰ
837 2599 872 2664 τὸ
902 2605 1005 2662 ποιεῖν
1037 2600 1142 2667 dietus
1171 2609 1220 2666 est
1247 2596 1387 2681 ποιητής,

290 2743 500 2808 barunculo,
521 2743 594 2798 sicut
612 2743 731 2797 diximus
750 2742 834 2797 metri
851 2741 1026 2798 necessitate.
1064 2757 1190 2795 uersus
1208 2744 1321 2795 autem
1340 2781 1346 2794 .
1362 2781 1386 2796 ..

293 2815 420 2870 statim
437 2833 571 2869 uersus.
607 2815 697 2869 Diom.
709 2815 805 2884 poue,
819 2814 865 2868 15:
884 2831 1013 2870 uersuum
1033 2830 1136 2882 genera
1152 2812 1302 2882 praecipua
1319 2815 1395 2867 sunt'

293 2885 424 2954 quinque,
442 2890 491 2940 aut
509 2887 583 2939 enim
604 2885 717 2940 dimetri
735 2889 799 2938 sunt
817 2889 866 2940 aut
878 2885 1001 2940 trimetri
1015 2888 1063 2938 aut
1079 2884 1238 2938 tetrametri
1256 2887 1304 2937 aut
1321 2900 1388 2952 pen·

291 2957 405 3010 tametsi
426 2960 474 3011 aut
492 2956 654 3012 hexametri.
691 2957 838 3025 Augustin.
858 2958 892 3011 de
916 2956 974 3010 ord.
994 2955 1022 3010 Π
1039 2955 1081 3010 40.
1100 2955 1114 3008 Ι
1131 2973 1158 3024 p.
1165 2955 1218 3008 417
1234 2955 1277 3008 ed.
1292 2971 1387 3024 congr.

293 3027 318 3082 S.
337 3027 441 3082 Mauri:
468 3044 504 3082 ne
530 3021 639 3097 longius
660 3027 763 3098 pedum
786 3045 882 3082 cursus
905 3027 1131 3098 prouolueretur,
1157 3043 1239 3095 quam
1263 3025 1321 3078 eius
1347 3025 1387 3079 iu·

292 3097 395 3154 dicium
419 3103 515 3168 posset
539 3100 690 3166 sustinere,
717 3097 831 3153 modum
857 3098 957 3153 statuit
982 3097 1075 3164 (ratio)
1102 3097 1175 3151 unde
1199 3099 1390 3150 reuerteretur

294 3173 323 3222 et
342 3171 377 3223 ab
398 3186 431 3223 eo
451 3169 512 3240 ipso
528 3187 641 3223 uersum
659 3170 780 3224 uocauit.
799 3175 834 3240 cf.
853 3169 1001 3239 Augustin.
1023 3169 1057 3223 de
1075 3168 1211 3235 mus.V3,
1221 3167 1247 3236 4,
1265 3165 1315 3237 lp.
1326 3167 1388 3220 619.

205 3287 220 3302 ,
293 3239 392 3293 Isidor.
413 3239 600 3310 orig.138‚2:
621 3257 719 3294 uersus
739 3241 808 3295 dicti
827 3241 862 3294 ab
880 3258 923 3307 eo,
941 3239 1016 3309 quod
1033 3239 1152 3310 pedibus
1171 3239 1206 3292 in
1220 3238 1318 3294 ordine
1339 3254 1388 3291 suo

293 3309 444 3379 dispositis,
463 3314 540 3366 certo
555 3309 610 3365 fine
629 3311 810 3365 moderantur
829 3329 880 3381 per
895 3311 1036 3378 articulos,
1056 3311 1104 3379 qui
1120 3327 1200 3364 caesa
1218 3313 1246 3363 et
1263 3309 1390 3362 membra

293 3382 480 3436 nominantur.
517 3381 565 3450 qui
583 3399 617 3435 ne
631 3381 740 3452 longius
758 3385 1001 3452 prouoluerentur‚
1026 3399 1110 3450 quarn
1136 3381 1269 3435 iudicium
1293 3383 1390 3449 posset

293 3453 438 3518 sustinere,
468 3454 581 3508 modum
606 3454 707 3508 statuit
732 3455 814 3515 ratio,
842 3452 917 3508 unde
941 3457 1139 3520 reuerteretur,
1167 3457 1196 3506 et
1219 3452 1306 3505 abeo
1327 3451 1388 3520 ipso

293 3539 390 3578 uersus
416 3529 540 3592 uocatus,
568 3525 643 3592 quod
665 3529 833 3580 reuertatur.
869 3525 908 3580 VI
928 3523 970 3592 14,
990 3525 1021 3578 7:
1050 3541 1146 3577 uersus
1172 3527 1265 3576 autem
1294 3521 1390 3575 uocati

294 3595 387 3664 uolgo,
407 3595 471 3664 quia
491 3596 530 3650 sic
548 3595 708 3650 scribebant
728 3596 836 3666 antiqui
854 3597 927 3651 siout
945 3600 1040 3649 aratur
1051 3599 1135 3648 terra.
1155 3594 1296 3647 asinistra
1316 3593 1390 3646 enim

294 3664 330 3718 ad
348 3665 477 3719 dextram
493 3667 614 3736 primum
625 3666 801 3722 deducebant
813 3668 916 3732 stilum,
924 3665 1024 3720 deinde
1033 3667 1267 3720 conuertebantur
1276 3664 1310 3717 ab
1321 3663 1365 3716 inf
1380 3693 1390 3703 ·

293 3735 368 3791 riore
388 3741 417 3790 ct
436 3755 531 3791 rursus
540 3736 576 3790 ad
586 3738 714 3791 dextram
731 3756 838 3806 uersus,
849 3756 916 3807 quos
928 3737 1047 3790 ethodic
1065 3736 1164 3791 rustici
1172 3752 1269 3789 uersus
1278 3738 1390 3788 uocant.

393 3807 451 3864 70*.
487 3808 960 3880 Mar.viet.115,1p.2499P.:
988 3807 1053 3875 Qui
1077 3824 1204 3862 uersus
1225 3846 1231 3859 .
1250 3847 1255 3858 .
1276 3845 1282 3860 .
1301 3804 1389 3858 llias

397 3935 414 3992 3
435 3931 662 4011 BostrophenP
671 3936 719 4006 118
745 3932 831 4012 quae]
855 3933 944 4012 quiP
954 3937 968 4003 11
984 3936 1001 3992 9
1026 3932 1113 4009 quac]
1138 3933 1226 4009 quiP
1237 3932 1252 4002 11
1268 3933 1305 3990 12
1320 3950 1390 4009 par·

292 4019 332 4078 tis
354 4034 409 4077 cas.
430 4017 484 4090 ΡΙΙ
500 4022 539 4076 14
561 4019 597 4090 of.
609 4019 728 4080 Maius
747 4020 847 4078 annot.
868 4021 928 4079 563
944 4018 1027 4078 Volat.
1048 4035 1131 4074 suam
1146 4015 1300 4076 Charisius
1320 4019 1391 4075 ceta·

293 4104 378 4175 eique
401 4103 416 4170 ΙΙ
439 4103 477 4160 15
497 4103 616 4162 Facubas
637 4121 706 4163 aaa.
719 4107 779 4163 317
793 4103 876 4162 Vaut.
902 4103 918 4170 11
943 4123 961 4161 a
983 4100 1074 4159 famul
1096 4098 1126 4159 P
1149 4101 1164 4170 11
1191 4101 1229 4157 16
1257 4099 1394 4160 Lauitiaa

294 4189 348 4244 sot.
361 4185 427 4246 XX
443 4186 484 4259 fr.
494 4190 533 4246 10
554 4187 648 4248 Dona.
673 4186 822 4246 detendite
842 4191 871 4245 et
892 4183 1061 4264 spoliateP
1087 4183 1251 4260 despoliata
1279 4188 1311 4242 et
1341 4181 1391 4242 de·

295 4269 412 4327 tundite
432 4270 549 4331 Nonius
559 4273 660 4343 arao
672 4264 687 4349 11
703 4274 741 4330 19
762 4259 811 4330 τὰ.
823 4289 878 4332 coa
901 4269 932 4330 P
943 4273 959 4346 11
