3140 5148
701 469 769 548 rae

187 674 271 732 neat.
313 666 426 733 hortus
449 685 579 762 quoque
604 687 672 732 non
692 663 901 731 'desiderabat
924 665 1164 760 aspirationem,
1197 665 1284 756 quod

186 772 231 840 ibi
251 774 380 840 herbae¹
407 775 553 841 oriantur
583 773 619 838 id
642 781 692 840 est
713 781 897 858 nascantur,
931 773 989 839 sed
1015 777 1125 840 tamen
1158 779 1285 840 a'con·

191 883 363 950 suetudine
387 884 523 972 accepit.
575 891 608 947 et
629 882 780 959 cohortes
802 863 906 966 aeque
928 905 946 946 a
968 882 1143 948 cooriendo
1167 905 1209 950 ex
1233 902 1285 950 eo·

188 992 263 1057 aem
285 992 359 1058 1000
382 992 489 1058 sisae
517 1001 601 1076 suns,
634 1001 666 1057 a
701 1012 772 1056 sam
803 971 1025 1058 diffamatam
1055 992 1185 1080 quam
1204 1015 1285 1059 aaa

150 1109 172 1164 5¹
185 1103 370 1186 uoluerunt,
391 1111 428 1168 ut
451 1102 603 1172 cohortes
625 1101 765 1167 militum
795 1124 867 1166 cum
900 1099 1097 1186 aspiratione
1130 1127 1148 1168 a
1174 1103 1286 1168 mutua

185 1213 369 1278 hortatione
392 1210 550 1278 dicantur.
593 1211 673 1276 item
695 1210 847 1277 nonnulli
872 1211 1029 1276 harenam
1060 1233 1135 1302 cum
1165 1213 1285 1301 aspira·

186 1321 286 1408 tione,
308 1322 379 1388 siue
400 1321 554 1408 quoniam
575 1322 710 1416 haereat
731 1320 801 1388 siue
824 1321 913 1406 quod
934 1342 1051 1409 aquam
1068 1319 1205 1414 hauriat,
1240 1320 1285 1386 di-

186 1431 325 1497 cendam
348 1430 627 1514 existimauerunt,
639 1429 711 1496 aliis
727 1429 798 1496 sine
815 1429 1013 1519 aspiratione
1029 1429 1164 1496 uidetur
1185 1435 1284 1496 enun-

184 1540 303 1609 tianda
357 1563 417 1607 nos
439 1564 507 1607 non
528 1549 594 1605 tam
616 1539 772 1630 perillas
795 1562 918 1624 causas,
944 1564 1022 1630 quas
1047 1563 1146 1630 supra
1167 1561 1310 1630 propoq

134 1655 175 1747 1¹0,
186 1651 321 1737 suimus,
344 1672 441 1736 quam
464 1659 600 1738 propter
630 1649 793 1736 originem
814 1649 917 1734 uocis,
946 1648 1117 1738 siquidem,
1137 1659 1176 1715 ut
1194 1650 1286 1746 testis

186 1770 235 1826 est
243 1759 363 1852 Varro,
383 1784 402 1824 a
423 1759 541 1825 sabinis
563 1759 691 1825 lassana
713 1758 852 1825 dicitur:
878 1767 910 1824 et
932 1759 1015 1825 sicut
1034 1759 1057 1828 S
1081 1759 1286 1844 familiariter

183 1869 219 1935 in
240 1869 271 1936 R
293 1869 419 1950 transit,
441 1868 485 1933 ita
499 1869 527 1936 F
543 1869 586 1958 in
606 1869 747 1934 uicinam
771 1868 1002 1957 aspirationem
1024 1877 1175 1933 mutatur.
1198 1867 1285 1956 simi·¹

185 1978 264 2043 liter
284 1999 364 2065 ergo
399 1987 432 2044 et
461 1978 586 2044 hoedos
617 1977 753 2044 dicimus
787 2001 859 2044 cum
892 1976 1101 2067 aspiratione,
1134 1977 1286 2062 quoniam

184 2086 276 2153 foedi
310 2086 501 2152 dicebantur
530 2085 617 2174 apud
650 2088 811 2171 antiquos.
866 2087 944 2152 item
976 2086 1098 2170 hircos,
1133 2085 1285 2170 quoniam

132 2199 166 2255 15
186 2195 322 2262 eosdem
342 2216 446 2281 aeque
466 2196 562 2262 fircos
583 2194 753 2263 uocabant.
808 2199 883 2260 nam
905 2204 977 2260 ete
999 2193 1171 2279 contrario,
1188 2215 1286 2280 quam

184 2303 312 2389 antiqui
332 2303 451 2370 habam
472 2303 623 2372 dicebant
645 2325 705 2368 nos
725 2303 834 2370 fabam
857 2302 1003 2370 dicimus.
1043 2296 1186 2369 cilonem
1208 2317 1287 2387 quo

185 2435 252 2502 que
289 2422 322 2478 et
350 2412 496 2479 cocleam
534 2422 567 2477 et
596 2412 748 2478 cocleare
770 2412 840 2477 sine
868 2410 1064 2499 aspiratione
1099 2411 1288 2495 scribemus,

185 2531 219 2588 et
241 2521 397 2608 quicquid
418 2541 479 2610 per
503 2521 772 2588 consuetudinem
796 2521 923 2587 aurium
952 2521 998 2585 ita
1026 2520 1157 2584 licuerit
1189 2539 1287 2585 enun-

184 2632 278 2698 tiare.
330 2655 397 2699 non
425 2632 513 2698 enim
538 2634 668 2699 firmum
694 2640 743 2698 est
765 2630 962 2697 catholicum
990 2629 1288 2718 grammaticorum,

129 2748 166 2806 20
184 2763 250 2828 quo
274 2751 408 2808 censent
427 2741 656 2830 aspirationem
676 2743 869 2808 consonanti
888 2763 954 2806 non
976 2762 1047 2836 esse
1076 2739 1288 2826 iungendam,

185 2874 264 2918 cum
286 2860 318 2916 et
342 2849 506 2938 Carthago
530 2849 656 2924 dicatur
679 2859 712 2918 et
731 2851 869 2940 pulcher
892 2859 926 2916 et
949 2849 1120 2920 Gracchus¹
1141 2860 1174 2915 et
1197 2847 1286 2919 Otho

183 2969 219 3026 et
238 2959 400 3026 Bocchus.

127 3163 186 3226 58a
273 3145 416 3211 Peccant
438 3143 493 3230 qui
515 3142 696 3234 prehensus
719 3166 792 3210 cum
807 3141 1028 3230 adspiratione
1042 3141 1198 3226 scribunt,
1214 3166 1288 3208 cum

187 3276 261 3322 eam
285 3253 392 3343 prima
412 3276 552 3341 persona
563 3278 630 3322 non
645 3253 774 3338 habeat,
796 3262 829 3319 et
841 3253 990 3322 similiter
1007 3253 1196 3336 uehemens,
1212 3274 1289 3318 cum

129 3375 166 3431 25
189 3387 209 3428 a
239 3363 274 3428 ni
303 3362 423 3428 mentis¹
452 3363 588 3428 dicatur.
639 3387 734 3448 quam
764 3363 897 3451 quidam
930 3369 1045 3450 putant
1075 3356 1293 3445 adiciendam}

186 3471 342 3558 quoniam
363 3472 397 3537 id
419 3494 484 3537 non
507 3471 596 3537 aliud
620 3480 735 3561 putant
758 3492 830 3537 esse
852 3494 948 3559 quam
971 3470 1067 3534 altius
1086 3481 1208 3536 arantem
1222 3477 1291 3548 uelat

184 3590 220 3650 id
241 3593 284 3650 est
305 3583 395 3667 ferri,
427 3605 502 3648 cum
526 3582 603 3647 huic
629 3582 733 3646 uerbo
759 3580 830 3647 sine
858 3578 1061 3646 dubitatione
1088 3579 1283 3667 adspiratur.

287 3741 349 3796 58&
381 3741 446 3796 Ter.
457 3743 551 3798 Scaur.
562 3761 590 3813 p.
599 3741 670 3797 2256
677 3742 721 3796 P.:
741 3740 876 3796 Similiter
893 3740 1045 3808 peccant
1060 3741 1089 3791 et
1107 3737 1155 3809 qui
1174 3756 1243 3794 nucs
1262 3743 1291 3792 et

274 3893 293 3952 4
314 3896 344 3952 et
368 3843 499 3973 tamVll
515 3896 549 3951 ll
576 3891 693 3952 fassana
712 3891 727 3951 f
744 3893 839 3992 spemn
862 3881 915 3976 Vll
931 3888 969 3948 15
990 3889 1084 3949 fercos
1103 3887 1118 3946 f
1134 3885 1221 3949 fiscos
1239 3879 1288 3966 Vll

189 4059 230 4116 17
253 4057 363 4120 caleam
390 4058 442 4130 Vll
458 4057 497 4115 20
519 4063 637 4116 censent
656 4033 711 4129 Pil
726 4002 777 4118 21³⁶
788 4054 929 4134 gracchos
950 4043 1002 4132 Vll
1017 4052 1055 4110 22
1078 4047 1206 4110 bocchus
1224 4047 1252 4109 V
1270 4045 1288 4126 ΙΙ

186 4144 229 4202 23
249 4142 286 4203 de
308 4141 371 4204 cod.
384 4143 447 4204 aid.
459 4143 528 4202 oda.
550 4143 591 4204 ad
602 4143 642 4212 fr.
655 4148 694 4206 44
708 4143 724 4219 ΙΙ
736 4141 917 4260 aspirnppppc
937 4136 968 4198 B
981 4131 997 4218 ll
1011 4137 1051 4196 24
1073 4153 1208 4194 ueemens
1226 4125 1290 4213 ΙΒΗ

186 4277 229 4418 ΞΘ
254 4277 391 4442 ‘hildim
411 4275 439 4336 ·i·
459 4293 519 4337 non
539 4276 569 4338 Β
581 4269 597 4358 ΙΙ
611 4293 698 4358 quam
720 4275 841 4342 alterius
853 4321 860 4335 .
874 4293 939 4334 cum
959 4270 1016 4332 hoc
1039 4259 1098 4352 ΒΙΙ
1113 4269 1152 4329 nt
1178 4269 1288 4352 aspire-

201 4379 239 4418 ur
