3126 5146
824 416 863 476 82

295 606 328 663 ol
349 597 524 682 confusum,
548 621 645 685 quum
669 596 755 686 apud
780 617 891 664 omnes
914 597 984 664 fere
1015 594 1242 682 grammaticos
1276 592 1393 660 latinos

297 707 490 794 reporimus,
514 716 645 794 praetor
668 705 747 776 alios
767 705 852 793 apud
864 704 1062 772 Diomedem
1076 704 1122 790 (p.
1133 703 1204 786 420,
1220 705 1253 788 9)
1279 703 1392 771 etMa·

295 815 379 880 rium
391 815 597 882 Victorinum
618 815 690 900 (12,
706 819 721 880 l
740 837 771 902 p.
783 814 864 879 2451
877 813 940 893 R).
964 811 1073 899 recepi
1096 821 1204 880 aulem
1218 809 1391 878 Diomedis
1412 871 1419 882 .

294 923 395 988 uerba
423 922 510 990 inter
532 922 698 1008 relliquias
720 923 776 1008 (fr.
795 922 862 1008 42),
891 945 958 988 non
981 943 1043 1010 quo
1067 943 1141 988 cum
1161 921 1291 986 doctam
1312 921 1394 989 Ver·

294 1032 383 1098 ronis
411 1032 664 1120 disputationem
694 1033 854 1122 integram
883 1033 1065 1098 reddidisse
1095 1031 1303 1116 crediderim,
1334 1031 1393 1096 sed

255 1195 261 1204 .
294 1143 370 1227 quie
392 1143 493 1208 multa
516 1141 655 1228 uestigia
673 1142 791 1207 horum
813 1141 970 1208 librorum
992 1141 1080 1228 opud
1111 1163 1185 1206 eum
1209 1141 1393 1210 inuenimus

294 1251 541 1336 varronemque
562 1251 648 1334 tolie,
674 1251 821 1338 quamuis
844 1249 908 1316 clio
930 1253 1079 1339 profecto
1097 1250 1256 1335 doctrine,
1270 1250 1392 1318 dixisse

294 1361 403 1426 nullus
424 1359 547 1425 dubito·
568 1362 608 1426 ab
631 1359 801 1426 articulato
823 1376 906 1428 uoce
926 1359 976 1424 rei
1003 1362 1154 1444 natora1)
1180 1361 1244 1426 fert
1266 1359 1308 1426 ed
1329 1360 1392 1426 lit·

294 1478 409 1536 teras
431 1491 505 1534 eum
527 1491 739 1558 progressum
762 1491 846 1554 osse,
870 1469 957 1554 quod
977 1469 1140 1556 quomodo
1161 1471 1232 1538 fere
1245 1469 1391 1538 institue·

293 1579 346 1662 rit,
377 1581 461 1645 beno
489 1580 604 1668 opinor
624 1578 847 1664 intellegimus
873 1578 1015 1644 Audacis
1040 1578 1226 1664 fragmento
1249 1579 1392 1666 quodam

293 1687 334 1752 ab
357 1689 489 1774 Angelo
512 1688 577 1754 Mai
603 1688 807 1776 e‘glosserio
828 1689 987 1754 maximoe
1019 1689 1112 1756 molis
1135 1689 1295 1756 Vaticano
1319 1711 1391 1778 per-

293 1796 434 1882 antiquo‘
464 1797 507 1875 in¹
529 1797 738 1864 classicorum
770 1806 936 1864 auctorum
968 1797 1133 1864 uolumine
1159 1808 1254 1866 sexto
1280 1823 1311 1886 p.
1328 1797 1391 1865 589

293 1904 402 1970 edito:
435 1907 511 1973 ‘uox
542 1917 592 1972 est
619 1927 676 1973 uer
701 1908 784 1974 ictus
807 1909 931 1976 auditui
955 1909 1126 1978 sensibilis.
1166 1911 1256 1978 uocis
1280 1921 1389 1978 autem

291 2013 378 2109 'duae
402 2024 479 2080 sunt
497 2026 617 2102 portes,
644 2017 814 2084 articulato
835 2026 868 2086 et
888 2019 1039 2102 confusa3
1071 2019 1240 2086 articulata
1263 2029 1312 2086 cet
1330 2020 1387 2086 ho·

294 2181 492 2193 —u-—n———n—-n

294 2291 435 2361 ἐνέργειαν
453 2293 499 2344 καὶ
517 2287 617 2357 πάθος,
649 2285 732 2360 ἤγουν
755 2285 865 2346 δύναται
890 2293 989 2365 δράσαι
1007 2299 1053 2348 καὶ
1070 2303 1180 2363 παθεῖν,
1204 2289 1286 2368 σῶμά
1304 2299 1390 2353 ἐστιν·

293 2380 388 2458 ὥσπερ
406 2383 421 2438 ὁ
441 2387 564 2457 σίδηρος·
584 2381 684 2458 πάσχει
703 2384 757 2458 γάρ
778 2373 855 2448 οὗτος
870 2385 925 2442 ἀπὸ
945 2386 1037 2461 πυρὸς,
1057 2391 1109 2462 doci
1127 2391 1158 2445 δὲ
1172 2396 1210 2451 εἰς
1227 2387 1390 2463 ἀνθρώπους

292 2484 338 2534 καὶ
362 2484 400 2541 εἰς
426 2477 459 2535 τά
483 2477 546 2542 ξύλα
571 2485 617 2535 καὶ
640 2486 753 2554 πέτρας·
783 2487 807 2536 εί
828 2489 920 2538 τοίνυν
941 2483 957 2552 ἡ
982 2483 1063 2558 (porri
1082 2491 1128 2540 καὶ
1145 2487 1198 2558 δρᾷ
1215 2493 1261 2542 καὶ
1285 2485 1388 2560 πάσχει

292 2571 375 2647 σῶμά
393 2578 482 2631 ἐστιν·
501 2583 547 2631 καὶ
566 2579 619 2649 δρᾷ
635 2579 699 2651 μὲν,
719 2577 798 2646 ἡνίκα
815 2574 959 2640 ἀκούοντες
976 2579 1056 2654 ἡμεῖς
1077 2575 1094 2649 ἢ
1121 2583 1214 2655 φωνῆς
1237 2577 1253 2652 ἢ
1272 2580 1387 2656 κιθάρας

291 2671 362 2745 πρὸς
380 2678 481 2745 τέρψιν
500 2669 651 2746 ἐρχόμεθα.
671 2671 774 2746 πάσχει.
791 2676 825 2732 δὲ
849 2674 887 2736 cie
911 2673 978 2734 ὅταν
1001 2675 1168 2751 φωνούντων
1185 2678 1266 2752 ἡμῶν
1285 2683 1389 2756 πνευσῇ

291 2763 394 2842 άνεμος
408 2775 453 2824 καὶ
471 2765 571 2844 ποιήση
589 2755 668 2843 ἦττον
685 2765 838 2828 ἀκούεσθαι.
854 2769 902 2840 τὴν
920 2767 1025 2845 φωνήν.
1057 2779 1104 2828 καὶ
1122 2777 1160 2829 ἔτι
1179 2777 1235 2831 πᾶν
1254 2775 1388 2846 αἰσθητὸν

292 2860 374 2940 σῶμά
392 2867 475 2933 ἐστιν,
495 2862 554 2922 οἷον
572 2863 602 2920 τὸ
622 2861 700 2928 ξύλον
720 2872 765 2920 καὶ
783 2865 798 2921 ὁ
819 2869 936 2940 σίδηρος,
957 2869 971 2922 ὁ
991 2873 1068 2929 λίθος
1082 2876 1127 2924 καὶ
1146 2869 1177 2925 τά
1192 2868 1285 2944 ὅμοια·
1305 2875 1387 2929 ταῦτα

290 2960 344 3034 γάρ
362 2957 481 3032 αἰσθητά
502 2967 552 3017 εἰσι
571 2969 617 3017 καὶ
635 2967 666 3039 τῇ
685 2957 779 3036 ὁράσει
798 2963 1010 3020 ὑποπίπτουσιν.
1044 2964 1180 3034 αἰσθητὸν
1198 2975 1288 3024 τοίνυν
1308 2975 1353 3024 καὶ
1370 2991 1386 3038 η

291 3045 371 3133 φωνή
391 3061 449 3114 ἔστι
465 3066 512 3115 καὶ
529 3063 560 3135 τῇ
579 3057 647 3136 ἀκοῇ
664 3060 827 3117 ὑποπίπτει·
854 3055 905 3136 ἀρα
930 3061 1044 3136 ἡιμωνλη
1063 3055 1145 3137 σῶμά
1163 3065 1244 3120 ἔστιν.
1279 3065 1331 3120 καὶ
1349 3067 1386 3121 ἔτι

290 3157 363 3212 ἴάιον
379 3157 426 3210 τοῦ
446 3151 574 3229 σώματός
591 3159 646 3211 ἔστι
664 3156 695 3212 τὸ
714 3159 781 3212 ποτὲ
798 3159 854 3231 μὲν
872 3153 1044 3229 αὐξάνεσθαι,
1064 3159 1135 3215 ποτὲ,
1150 3163 1180 3215 δὲ
1198 3155 1295 3232 λήγειν·
1312 3153 1389 3230 riceii

290 3249 370 3324 φωνὴ
388 3253 456 3306 ποτὲ
475 3254 531 3324 μὲν
549 3247 653 3314 αὔξεται
671 3253 738 3308 nori
757 3253 788 3308 dd
805 3249 893 3324 λήγει·
912 3249 964 3327 άρα
983 3251 1065 3329 σῶμά
1085 3258 1174 3313 ἐστιν·
1193 3261 1241 3313 ἐπὶ
1261 3261 1316 3332 μὲν
1333 3263 1388 3316 τῶν

289 3349 411 3402 παιδίων
425 3343 541 3420 βραχεῖά
559 3351 634 3406 ἐστιν
651 3349 667 3418 ἡ
686 3346 765 3422 φωνή
782 3353 889 3423 μικρῶν
906 3346 1005 3408 ὄντων·
1024 3349 1196 3422 αὐξηθέντων
1218 3357 1249 3408 di
1266 3352 1383 3429 μεγάλη·

289 3439 364 3514 λήγει
384 3445 415 3498 δὲ
435 3445 482 3499 ἐπὶ
498 3447 554 3500 τῶν
573 3441 774 3502 ἀσθενούντων.
794 3453 839 3501 καὶ
858 3449 896 3502 ἔτι
914 3449 972 3504 πᾶν
988 3447 1018 3504 τὸ
1034 3447 1197 3506 ἀντιτυποῦν
1208 3446 1290 3526 σῶμά
1301 3455 1385 3524 ἐστιν,

289 3537 326 3599 ὡς
342 3541 390 3594 ἐπὶ
407 3541 456 3594 τοῦ
473 3544 564 3595 λίθου·
584 3547 629 3598 καὶ
650 3539 704 3614 γάρ
720 3533 888 3614 ἀπτομένων
907 3541 987 3616 ἡμῶν
1004 3547 1082 3600 τοῦτο
1108 3543 1249 3602 ἀντιτυπία
1266 3555 1385 3618 γίνεται·

288 3631 348 3690 τότε
366 3628 415 3692 οὗν
430 3643 535 3708 γίνεται
551 3636 566 3705 ἡ
586 3635 727 3693 ἀντιτυπία
739 3635 807 3694 ὅταν
818 3638 916 3714 εὑρεθῇ
927 3661 951 3694 τι
964 3644 1144 3714 προςκροῦον·
1165 3647 1189 3696 εί
1208 3635 1257 3699 σύν
1274 3643 1290 3712 ἡ
1306 3641 1386 3718 φωνὴ

288 3729 426 3787 ἀντιτυπεῑ
442 3730 645 3807 προςκρούουσα
664 3745 723 3798 ταῖς
738 3735 841 3806 ἀκοαῖς,
861 3734 914 3811 ἀρα
936 3737 1017 3813 σῶμά
1036 3744 1118 3798 ἐστιν.
1155 3744 1190 3799 cl.
1209 3745 1385 3800 Pseudo-Ga-

286 3829 340 3884 len.
359 3830 425 3884 hiel.
444 3831 512 3901 phil.
533 3833 637 3888 XVlllI
653 3854 681 3904 p.
691 3835 744 3890 310
753 3853 792 3905 ειη
807 3835 840 3891 K.
878 3838 950 3892 Plut.
972 3839 1006 3894 de
1029 3841 1101 3910 plac.
1120 3841 1187 3912 phil.
1205 3859 1233 3912 p.
1241 3841 1334 3897 903Α.
1345 3861 1385 3913 sq.

287 3926 396 3983 Vitruu.
414 3928 439 3982 V
457 3928 483 3995 3,
502 3929 528 3984 6.

350 4065 355 4073 .
387 4025 413 4094 1)
433 4025 467 4080 cf.
485 4025 578 4080 Locri.
599 4026 680 4097 Diog.
700 4027 820 4083 vnce:
838 4031 1057 4088 nossoncour
1073 4029 1156 4106 σῶμά
1174 4036 1240 4103 ἐστι,
1261 4043 1336 4091 ποιεῖ
1353 4038 1385 4092 ἀὲ

285 4117 301 4186 ἡ
320 4117 400 4192 φωνὴ
419 4124 573 4194 προσιοῦσα
591 4130 646 4183 τοῖς
663 4118 812 4180 ἀκούουσιν
827 4123 884 4182 ἀπὸ
904 4131 959 4183 τῶν
979 4132 1152 4204 φωνούντων.
1170 4135 1239 4192 λέξις
1257 4133 1291 4188 dc
1308 4135 1383 4190 ἔστιν

287 4211 323 4275 ὥς
342 4232 413 4288 φησι
431 4223 572 4289 Διογένης,
593 4217 672 4292 φωνλη
691 4217 895 4294 ἐγγράμματος,
916 4221 975 4281 οἷον
990 4223 1080 4300 ἡμέρα
1097 4270 1103 4281 .
1122 4270 1128 4283 .
1149 4266 1154 4280 .
1171 4230 1218 4296 τῆς
1233 4229 1266 4283 δὲ
1287 4233 1382 4291 λέξεως

286 4309 408 4384 στοιχεῖά
426 4315 484 4368 ἔστι
497 4312 531 4368 sd
548 4320 756 4390 εἰκοσιτέσσαρα
774 4313 932 4393 γράμματα.
