3152 5142
816 435 859 494 30

289 635 412 707 genera
431 610 767 701 persequebatur,·uti
780 609 904 678 debuit.
926 609 1078 676 tractauit
1097 609 1200 696 igitur
1220 610 1306 678 libro
1328 625 1386 678 1111

289 721 417 788 decimo
444 721 603 786 uocabula
637 741 719 805 quae
752 744 855 804 casus,
888 719 1091 804 duodecimo,
1123 742 1205 805 quae
1238 729 1387 809 tempora

287 830 419 918 habent,
452 829 540 918 quod
559 829 779 908 confirmatur
804 831 905 918 ipsius
933 830 1043 896 uerbis
1070 829 1171 911 (VIII
1184 829 1223 892 13
1243 851 1276 915 p.
1287 829 1385 912 401):

287 965 353 1009 cum
383 947 419 1005 de
447 947 618 1006 1131133133
643 947 683 1004 stt
704 947 836 1019 1113111311
861 944 1059 1020 (3111333131
1084 963 1186 1008 3331311
1215 949 1265 1018 ost,
1299 963 1386 1020 quam

286 1057 407 1116 barbam
429 1053 598 1128 temporale,
618 1057 646 1113 ot
666 1053 782 1127 reliquo
801 1057 949 1128 posteriue
967 1073 1055 1129 quom
1074 1072 1178 1114 bertoo
1204 1058 1232 1112 et
1250 1053 1388 1114 uerbum:

285 1167 386 1240 prtroo
401 1165 495 1238 torar
515 1160 646 1234 armico)
668 1180 759 1236 quare
782 1164 817 1222 da
839 1179 939 1222 eoram
959 1163 1150 1248 declinatione
1171 1162 1387 1238 3331333331·-

288 1275 390 1334 borum
413 1277 480 1332 cote
499 1273 603 1342 dtoom,
624 1287 705 1350 quae
728 1287 921 1352 quamquam
944 1265 1007 1331 alia
1029 1266 1197 1332 occasione
1221 1265 1308 1330 diota
1331 1285 1386 1351 ge·

288 1376 434 1444 noralem
452 1375 645 1440 sententiam
667 1376 844 1441 continent.
867 1397 910 1442 ne
930 1397 1011 1441 uero
1036 1377 1106 1464 quis
1130 1376 1274 1459 miretur,
1299 1373 1388 1459 quod

288 1483 397 1550 uerbis
414 1482 656 1571 temporalibus,
678 1504 759 1568 quae
787 1483 1020 1571 antiquioribus
1041 1482 1261 1570 grammaticis
1280 1480 1387 1548 minus

289 1613 386 1658 curae
409 1599 510 1676 erant,
543 1601 648 1658 totum
668 1592 788 1657 librum
810 1591 948 1675 dederit,
979 1616 1051 1657 oum
1068 1591 1158 1657 libro
1182 1591 1309 1658 decimo
1333 1591 1385 1672 (31

289 1728 321 1793 p.
334 1703 397 1768 562
409 1706 470 1790 sq.)
483 1712 515 1767 et
526 1726 612 1771 nono
627 1703 682 1790 (95
694 1728 724 1794 p.
737 1703 824 1789 527),
846 1703 893 1786 (in
912 1713 1028 1770 octauo
1041 1704 1121 1769 haee
1136 1701 1387 1780 interciderunt)

288 1811 482 1879 breuissime
508 1811 549 1874 de
572 1810 618 1876 eis
639 1820 716 1897 agat
742 1819 774 1875 et
789 1811 897 1875 nullae
917 1810 986 1875 fere
1001 1810 1099 1875 huius
1119 1807 1303 1895 argumenti
1323 1809 1388 1874 rel-

287 1903 515 2008 liquiaeapud
533 1917 763 2004 grammaticos
786 1928 909 2002 extent,
932 1918 1130 1986 monendum
1144 1928 1194 1983 est
1207 1918 1247 1983 de
1263 1917 1387 1988 eisdem

290 2027 387 2094 etiam
407 2019 563 2094 maiorem
582 2028 659 2093 libri
682 2029 766 2094 sexti
787 2039 915 2115 partem
939 2049 1011 2094 esse
1036 2026 1260 2093 etVarronom
1281 2028 1388 2094 tribus

289 2138 368 2204 locis
393 2136 475 2221 (VII
485 2136 528 2200 90
537 2159 568 2223 p.
580 2136 653 2202 368.
664 2139 687 2216 ¹)
707 2136 794 2201 VIII
804 2137 846 2202 20
859 2160 890 2224 p.
901 2137 973 2202 416.
996 2135 1029 2200 Χ
1039 2136 1079 2200 33
1091 2159 1122 2224 p.
1135 2136 1211 2218 563)
1229 2137 1388 2223 profiteri,

289 2248 394 2336 ipsam
415 2247 498 2312 hano
520 2270 591 2313 rem
614 2247 648 2312 in
671 2249 881 2332 sequentibus
907 2247 999 2336 libris
1028 2245 1204 2332 diligenter
1227 2267 1261 2310 se
1284 2245 1388 2334 expli-

290 2365 447 2423 caturum.
480 2357 581 2434 uerba
605 2377 687 2442 quae
708 2347 830 2444 neque*
845 2379 935 2421 casus
963 2377 1069 2441 neque
1098 2357 1246 2444 tempora
1267 2355 1390 2420 habent

289 2467 325 2534 in
349 2477 535 2532 transcursu
557 2465 584 2530 si
603 2467 733 2532 omnino
747 2467 977 2553 tangebantur,
997 2465 1214 2556 participialia
1228 2487 1306 2531 uero
1321 2487 1389 2531 non

290 2579 394 2640 totum
411 2574 531 2639 librum
555 2573 642 2640 XIII
663 2573 858 2662 expleuisse,
892 2574 951 2641 sed
978 2585 1033 2640 aut
1054 2599 1127 2642 cum
1146 2575 1316 2654 nominum
1337 2574 1391 2660 (ut

290 2669 380 2752 VIII
389 2683 430 2750 58
453 2705 485 2772 p.
496 2682 573 2765 434)
603 2691 659 2751 aut
686 2705 759 2746 oum
786 2684 962 2748 uerborum
990 2683 1040 2768 (ut
1061 2683 1169 2752 VIIII
1182 2684 1242 2748 110
1264 2707 1296 2771 p.
1311 2681 1388 2766 537)

291 2791 450 2880 analogiis
472 2789 647 2857 coniuncta
657 2791 767 2876 fuisse,
783 2815 843 2880 pro
861 2801 950 2858 certo
966 2784 1095 2858 sumere
1110 2777 1292 2882 possumus.
1315 2813 1390 2858 con-

291 2909 342 2968 tra
361 2899 416 2966 hic
434 2899 520 2966 liber
540 2899 610 2966 sine
635 2898 733 2966 dubio
755 2901 796 2966 de
820 2901 878 2967 illo
902 2901 1034 2968 dicendi
1056 2925 1179 2988 genere
1203 2912 1282 2986 erat,
1301 2901 1390 2988 quod

291 3009 328 3074 in
355 3007 431 3074 libri
460 3008 577 3074 decimi
602 3008 871 3097 dispositionibus
900 3002 969 3075 fere
991 3011 1112 3100 ubique
1136 3012 1192 3096 (70
1210 3037 1242 3102 p.
1254 3012 1326 3078 583.
1350 3013 1390 3076 73

290 3141 323 3206 p.
335 3117 406 3184 586.
425 3119 464 3184 74
476 3142 507 3207 p.
521 3120 593 3186 586.
605 3119 647 3184 42
658 3143 689 3207 p.
700 3119 775 3206 568)
798 3120 980 3208 seiungitur
1003 3131 1035 3186 et
1052 3122 1221 3211 premitur,
1247 3119 1390 3186 declina·

290 3226 397 3293 tiones
419 3225 491 3291 dico
516 3229 729 3297 obsoletiores
754 3239 787 3294 et
809 3230 948 3297 rariores
968 3231 1082 3320 quibus
1103 3211 1220 3321 poetae
1242 3239 1391 3314 utuntur,

293 3357 374 3424 quiae
394 3335 441 3400 ibi
464 3335 579 3402 eodem
600 3334 696 3400 modo
719 3335 974 3424 explicabantur,
996 3347 1031 3402 ut
1053 3337 1137 3404 libro
1161 3335 1298 3424 septimo
1314 3358 1391 3425 poe·
1413 3397 1414 3402 ,

291 3451 399 3508 tarum
420 3443 580 3512 uocabula
603 3441 753 3530 exposita
777 3465 848 3512 esse
869 3445 1000 3511 scimus.

313 3540 315 3544 ’
361 3537 363 3542 ’
392 3553 588 3637 Priusquam
611 3551 652 3616 ua
675 3552 769 3620 utra
795 3552 994 3624 rer-,uun
1018 3553 1185 3642 disputare
1213 3554 1392 3642 pergimus,
1446 3621 1449 3625 ,

293 3659 335 3730 dc
356 3661 576 3749 relliquiis
599 3660 1194 3732 1113131313111113(1133363333.
1218 3663 1260 3730 ad
1272 3663 1393 3729 librum

294 3839 486 3848 —n-———-

395 3949 420 4019 1)
439 3948 492 4006 Hic
511 3949 586 4004 enim
603 3948 786 4006 scribendum·
801 3965 860 4004 esee
879 3969 945 4021 capa
963 3950 1033 4004 cade
1051 3953 1143 4020 arripe
1161 3951 1393 4019 13311οοὶ3313-

293 4049 376 4102 rimie
397 4049 475 4100 libris
495 4045 629 4118 (proximo
651 4049 719 4102 libro
737 4045 772 4114 F)
790 4047 992 4100 retractandam
1011 4062 1119 4100 mecum
1140 4045 1273 4110 censebis,
1298 4045 1322 4099 si
1340 4044 1394 4098 hoe

294 4141 420 4196 11311513
440 4146 539 4198 octauo
559 4143 688 4200 1113111311
705 4142 830 4212 potuisse
848 4140 1055 4212 Varrcnsmque
1071 4144 1233 4198 constanter
1246 4141 1282 4195 ad
1291 4141 1395 4198 ‘libros’

293 4237 397 4310 plurali
413 4254 529 4297 numero
547 4237 667 4294 lectores
685 4237 811 4308 relegare
830 4241 859 4290 et
883 4225 1045 4307 saepissime
1063 4237 1094 4292 in
1111 4236 1154 4294 his
1173 4236 1253 4294 libris
1270 4236 1394 4294 uocabu-

293 4334 384 4392 lorum
403 4334 494 4390 exitus
513 4338 660 4405 corruptos
680 4352 740 4390 esse
758 4335 940 4406 reputsueris.
