3152 5142
817 473 847 511 VI

279 637 312 692 et
330 627 477 708 aliorum,
509 645 646 710 quorum
679 626 877 712 exemplaria
897 625 932 690 in
956 628 1099 691 omnium
1121 627 1269 693 menibus
1291 639 1376 712 sunt,

278 757 397 801 nomen
431 735 568 820 singulis
599 735 678 800 locis
707 735 795 799 facili
830 735 963 819 negotio
989 756 1086 820 saepe
1112 736 1289 800 emendatis
1310 759 1377 802 non

277 865 408 929 semper
435 842 663 908 adscriberem.
714 852 750 905 ut
780 850 887 906 autem
909 843 1019 926 paullo
1044 843 1263 909 emendatiora
1295 845 1377 908 haee

277 951 464 1037 fragmenta
496 950 658 1038 prodeant
690 951 884 1036 praesertim
908 950 1043 1015 Henrioi
1066 950 1156 1015 Keili
1189 951 1374 1016 liberalitati

276 1081 349 1123 mea
372 1058 468 1123 laude
494 1057 609 1122 maiori
630 1058 777 1138 debetur,
806 1083 824 1121 a
854 1080 917 1141 quo
940 1059 1038 1123 facile
1060 1060 1271 1124 Hermannus
1292 1060 1375 1128 Vse-

275 1161 338 1230 'ner
363 1166 551 1251 inpetrauit,
586 1175 622 1229 ut
658 1187 740 1251 quae
769 1163 811 1230 ed
833 1165 991 1234 Varronis
1013 1162 1115 1232 ‘locos
1149 1168 1184 1232 in
1216 1191 1375 1252 gramma·

278 1275 350 1340 tiois
371 1274 480 1339 latinis
505 1273 619 1338 obuios
642 1273 853 1338 adnoteueret
876 1297 982 1338 meum
1012 1275 1047 1339 in
1074 1299 1169 1340 usum
1190 1277 1375 1344 describere

277 1384 340 1451 sibi
361 1383 486 1450 liceret.
509 1383 550 1448 de
574 1374 766 1468 quibusdem
786 1405 867 1448 uero
888 1383 968 1448 locis
995 1383 1206 1471 ipseKeilius
1230 1386 1374 1472 benigne

276 1491 450 1558 certiorem
479 1513 530 1554 me
561 1491 647 1555 fecit.
696 1501 867 1576 praeterea
888 1491 1018 1558 Vsener
1038 1492 1165 1572 Bernae
1197 1494 1279 1559 duos
1303 1495 1373 1562 Au·
1410 1521 1412 1533 ¹

277 1599 401 1687 gustini
435 1599 476 1666 de
509 1600 680 1665 dialectiea
707 1601 808 1676 libros
841 1601 1034 1666 nitidissime
1064 1601 1143 1668 mihi
1169 1603 1305 1668 contulit
1338 1612 1371 1668 et

278 1709 397 1776 multos
427 1709 566 1774 aliorum
598 1709 794 1796 scriptorum
824 1710 914 1774 locos
945 1734 963 1774 a
991 1731 1043 1774 me
1062 1719 1195 1796 rogatus
1218 1712 1372 1799 inspexit.

277 1817 511 1886 'Seruianorum
542 1817 689 1882 locorum
722 1818 880 1890 lectiones
906 1818 1073 1904 Georgius
1096 1821 1192 1886 Thilo
1215 1822 1374 1888 liberalis·

278 1926 360 1990 sime
390 1921 519 1992 mecum
552 1927 813 1991 communicauit.
868 1927 945 1992 alias
978 1928 1033 1992 alii
1067 1951 1119 1994 me
1152 1930 1376 1996 instruxerunt

278 2062 359 2124 qnos
389 2063 447 2105 suo
481 2062 643 2125 quemque
674 2041 745 2104 loeo
778 2039 952 2104 nominaui.
995 2061 1037 2104 ne
1056 2047 1163 2104 eutem
1188 2039 1375 2126 quidquam,

278 2149 367 2236 quod
393 2149 465 2215 aliis
492 2151 630 2218 debetur
654 2161 790 2232 taceam,
825 2149 1136 2214 conmemorandum
1164 2158 1212 2214 est
1234 2148 1373 2216 Vseneri

279 2267 312 2323 et
342 2256 435 2322 Curti
461 2257 690 2323 Waehsmuthi
723 2258 902 2322 amicorum
933 2257 1138 2338 beneficium,
1173 2257 1227 2341 qui
1254 2277 1306 2322 me
1340 2257 1375 2322 iu

279 2365 405 2431 Italiam
430 2365 575 2451 profecto
597 2387 664 2430 non
687 2365 789 2430 solum
812 2365 1019 2451 plagularum
1037 2363 1279 2430 accuratissime
1304 2386 1374 2430 cor·

277 2466 490 2560 rigandarum
522 2471 663 2538 taedium
695 2473 908 2559 susceperunt
939 2493 1053 2536 uerum
1077 2471 1174 2536 etiam
1201 2472 1374 2560 conplures

279 2583 371 2647 locos
394 2581 555 2646 medicina
568 2589 703 2666 egentes
724 2581 811 2646 felici
823 2579 1000 2666 sagacitate
1015 2580 1280 2650 emendauerunt.
1305 2580 1374 2664 qui·

279 2693 340 2756 bus
362 2691 514 2755 omnibus
536 2690 659 2776 gratias
680 2711 743 2776 ago
764 2689 969 2771 lectoresque
984 2710 1119 2756 ,mecum
1139 2697 1249 2772 agent.

273 2805 274 2808 ’
377 2799 499 2865 Romae
521 2797 555 2862 in
578 2797 741 2884 Capitolio
762 2817 875 2863 meuse
897 2796 984 2864 Iulio
1011 2796 1101 2864 1864.
