3152 5142
802 471 874 548 ar'

273 670 405 736 melium
427 668 573 734 uocibus.
613 666 691 734 talia
713 667 815 732 uerba
842 673 928 746 qma
956 672 1103 732 cunabula
1123 672 1281 732 sarbaram
1302 689 1371 756 csse,

273 776 357 844 dixit
378 787 412 843 at
429 800 532 842 senam
553 800 654 842 rermn
675 800 740 842 cam
758 799 996 844 sonoramseam
1008 780 1208 842 ammordarst.
1229 772 1373 840 inrebus

273 907 355 974 quae
376 907 442 952 non
465 894 582 964 sonant
600 885 780 951 similitudo
800 894 905 950 tactus
917 884 1014 965 ualet,
1035 890 1071 948 ut
1082 883 1157 948 lene
1169 883 1280 950 lenem
1291 907 1374 950 crux

271 1016 423 1085 asperum
447 1018 563 1062 sonum
585 997 693 1064 habet.
721 996 798 1062 inde
821 995 862 1061 ad
883 1017 994 1060 rorum
1023 993 1270 1061 similitudinem
1298 1015 1372 1081 pro·

271 1105 491 1191 gradiendum
514 1125 586 1170 csse
608 1104 742 1189 putauit,
767 1103 887 1169 deinde
909 1103 950 1168 ad
972 1102 1175 1169 uicinitatem
1201 1100 1373 1188 quandam,

271 1217 361 1282 cuius
392 1216 512 1280 multos
538 1215 652 1280 modos
677 1213 890 1297 enumerarit,
922 1213 995 1278 fieri
1022 1233 1082 1299 per
1110 1211 1317 1278 efficientiam
1341 1220 1374 1276 et

272 1323 437 1405 effectum,
459 1343 519 1411 per
541 1321 575 1386 id
595 1319 682 1405 quod
703 1320 849 1386 eontinet
864 1329 895 1386 ot
910 1318 1105 1402 continetur,
1128 1326 1255 1403 aparte
1268 1326 1374 1382 totum

274 1443 307 1499 et
328 1458 346 1498 a
367 1441 436 1498 toto
459 1440 596 1519 partem,
616 1429 714 1494 immo
725 1451 786 1515 per
798 1427 998 1497 abusionem.
1021 1435 1186 1514 postrema
1203 1425 1287 1508 ratio
1300 1447 1373 1512 pro-

272 1564 406 1629 gressus
428 1540 471 1605 ad
492 1536 691 1604 contrarium
719 1547 778 1620 cst,
802 1537 860 1602 sed
883 1537 967 1602 hanc
990 1534 1157 1602 adamasse
1176 1532 1283 1598 Varro
1306 1556 1374 1600 non

271 1648 411 1716 uidetur.
454 1645 692 1734 permultorum
722 1665 816 1708 uero.
835 1645 1012 1710 uerborum
1046 1641 1211 1728 originem
1243 1639 1371 1706 ostendi

271 1779 338 1824 non
360 1776 456 1845 posse
480 1755 586 1820 Varro
609 1751 781 1834 concessit,
812 1760 849 1816 ut
869 1751 1075 1838 Augustinus
1104 1751 1140 1816 in
1166 1750 1218 1816 his
1239 1769 1372 1837 quoque

206 1847 208 1850 Ι
273 1887 347 1932 eum
368 1872 534 1949 sequatur,
555 1862 642 1947 quod
665 1883 739 1926 eum
759 1860 959 1926 concessisse
981 1869 1015 1924 et
1032 1858 1159 1938 mediae
1175 1859 1258 1941 uiae,
1275 1880 1373 1946 quam

270 1975 306 2042 in
328 1975 413 2039 libro
436 1971 563 2038 decimo
587 1969 700 2054 clegit,
725 1968 912 2054 exemplum
926 1969 981 2050 (79
992 1991 1024 2054 p.
1037 1968 1125 2056 588),
1148 1979 1181 2034 et
1197 1991 1265 2034 non
1276 1967 1372 2056 pauci

271 2083 338 2149 loci
360 2081 519 2146 librorum
544 2079 841 2166 etymologicomm
863 2079 992 2146 docent.
1024 2079 1156 2145 Deinde
1178 2077 1221 2144 ad
1241 2077 1373 2167 singula

273 2193 408 2290 crimina
436 2211 510 2256 cum
531 2183 696 2252 transiisse
726 2195 890 2274 postrema
907 2186 1092 2274 Augustini
1124 2188 1225 2252 uerba
1255 2185 1372 2254 confir·

158 2340 160 2344 ·
274 2309 374 2384 mant,
397 2298 508 2383 ibique
530 2294 710 2382 redarguit,
734 2315 817 2380 quae
840 2293 875 2359 in
896 2294 980 2360 libro
1003 2293 1183 2382 praemisso
1207 2303 1373 2382 posuerat,

277 2408 366 2492 cuius
387 2406 615 2493 disputationis
636 2404 774 2470 frustula
796 2405 956 2490 quaedam
976 2404 1068 2472 initio
1084 2404 1161 2486 libri
1176 2405 1307 2494 septimi
1322 2427 1372 2470 re·

269 2526 417 2586 currunt.
438 2517 498 2584 sed
522 2516 577 2582 hic
601 2537 730 2602 quoquc
749 2523 785 2579 ut
806 2515 841 2580 in
864 2515 1086 2598 controuersia
1104 2515 1145 2580 de
1167 2514 1320 2600 analogia
1340 2522 1373 2582 at

272 2626 432 2710 anomalia
453 2646 520 2692 non
541 2624 578 2690 in
598 2623 816 2709 sophistarum
838 2645 963 2690 morem
983 2624 1169 2704 aunchanc
1181 2623 1370 2690 nuncillam

273 2755 402 2802 causam
419 2731 608 2798 defendisse
628 2728 811 2796 censendus
832 2738 892 2814 est,
915 2728 973 2796 sed
996 2729 1121 2798 duobus
1135 2732 1283 2818 partibus
1296 2753 1371 2798 con·

232 2891 235 2894 -
273 2845 394 2912 stitutis
421 2840 513 2928 quasi
542 2839 665 2905 arbiter
693 2838 780 2903 inter
809 2839 929 2904 stoicos
960 2860 1140 2924 eorumque
1168 2839 1372 2911 aduersarios

274 2976 346 3020 esse
367 2952 481 3019 uoluit.
754 2961 756 2964 '

332 3119 335 3124 .
374 3061 475 3130 Suam
489 3058 631 3147 danique
646 3057 841 3126 sententiam
856 3057 896 3125 in
917 3059 1026 3126 libro
1048 3059 1169 3126 tertio
1185 3058 1373 3148 explicant,

274 3169 518 3256 etymologiam,
541 3177 576 3234 ut
598 3189 640 3232 ex
661 3168 753 3232 libris
774 3167 986 3255 sequentibus
1005 3166 1120 3236 uidere
1142 3169 1230 3252 licet,
1262 3169 1372 3239 multis

273 3279 405 3366 quidem
426 3278 672 3344 difficultatibus
699 3287 731 3342 et
753 3277 1001 3365 exceptionibus
1022 3277 1210 3366 inpeditam,
1236 3279 1298 3346 sod
1323 3302 1372 3349 ar-

272 3400 340 3474 tem
363 3410 434 3454 esse
460 3409 542 3472 quac
565 3387 661 3452 certis
683 3387 813 3473 legibus
842 3396 874 3452 et
896 3388 1080 3475 praeceptis
1106 3390 1274 3457 niteretur.
1306 3390 1371 3458 huc

270 3500 373 3587 igitur
394 3497 560 3583 pertinent
581 3497 663 3562 haec
686 3496 731 3579 (V
747 3497 766 3562 6
785 3521 818 3585 p.
833 3497 905 3583 ill:
939 3507 974 3564 m,
999 3505 1206 3576 acamradus
1229 3511 1373 3568 mamam

273 3619 341 3692 quot
368 3613 463 3672 modis
492 3612 645 3672 literarum
675 3613 849 3670 conmutatio
877 3613 917 3670 at
940 3610 1022 3682 facta
1049 3613 1099 3686 qut
1119 3613 1371 3685 amoradaerterit

269 3724 389 3798 facilius
408 3724 538 3782 saratam'
558 3720 686 3796 oriptms
705 3721 838 3792 patietur
862 3721 1027 3790 uerborum,
1060 3722 1187 3796 reportet
1209 3723 1285 3782 caim
1304 3739 1373 3785 csse

272 3835 445 3901 commutata,
466 3833 499 3890 at
517 3832 549 3890 ta
569 3828 876 3904 supercoelestium
895 3827 1017 3899 ostendi,
1038 3831 1162 3890 mactme
1181 3835 1307 3906 propter
1328 3832 1373 3892 bis

272 3947 432 4018 quatemus
446 3956 559 4000 ramas.
582 3939 735 3998 literarum
755 3939 831 3998 emm
849 3936 885 4008 fit
906 3937 1069 4010 demptione
1088 3941 1141 3998 aut
1162 3937 1321 4009 adelitiam,
1344 3941 1373 3998 ct

268 4050 394 4122 propter
415 4064 518 4108 carum
540 4045 751 4104 adtractiorem
767 4048 820 4102 cat
840 4045 1088 4115 ommatota‘onem,
1111 4046 1179 4104 item
1190 4045 1372 4120 syllabarum

267 4155 514 4228 productione..
538 4196 545 4210 .
569 4194 576 4208 .
601 4196 607 4210 .
629 4144 701 4210 loco
724 4143 758 4208 in
781 4143 894 4208 codice
916 4142 962 4209 ita
984 4142 1132 4210 mutilato
1155 4164 1199 4208 ex
1220 4154 1313 4232 parte
1329 4144 1370 4212 Ο.

271 4254 411 4324 Mueller
443 4252 611 4336 succurrit,
646 4251 701 4340 qui
726 4259 815 4316 recte
847 4254 1070 4318 membrorum
1100 4252 1365 4338 aequabilitatem

271 4373 410 4447 secutus,
432 4374 483 4428 cat
504 4371 685 4442 correptione
712 4360 828 4428 additit
859 4370 891 4426 ct
921 4361 1070 4428 lacunam
1099 4361 1367 4432 homoeoteleuto
