3140 5148
700 479 761 540 205

139 677 176 740 30
272 649 315 717 Et
342 651 378 718 in
408 653 552 718 carmine
580 654 672 718 etin
697 651 971 730 solutaoratione
1000 674 1124 738 genera
1150 652 1283 718 dicendi

125 745 126 750 ἵ
178 769 262 858 ⁸sunt
285 761 346 860 tria
368 761 663 848 probabilia-quae
686 759 799 847 graeci
813 762 1021 844 χαρακτῆρας
1039 770 1159 826 uocant
1180 762 1282 828 nomi·

188 890 294 955 naque
317 869 362 934 eis
385 867 534 932 fecerunt
552 863 650 946 ἁδρόν
671 865 783 944 ’ἰσχνόν
802 864 909 946 μέσον.
952 889 1013 932 nos
1037 889 1165 952 quoque
1186 888 1284 952 quem

184 976 326 1065 primum
354 977 521 1066 posuimus
552 977 689 1042 uberem
716 999 879 1054 uocamus,
906 976 1085 1041 secundum
1115 976 1282 1060 gracilem,

156 1087 318 1154 intertium
341 1086 551 1179 mediocrem.
595 1087 688 1153 uberi
721 1087 864 1172 dignitas
897 1096 994 1176 atque
1022 1084 1201 1173 amplitudo
1226 1095 1284 1169 est,

183 1197 303 1284 gracili
327 1207 482 1264 uenustas
504 1205 536 1262 et
557 1197 727 1280 subtilitas,
748 1197 875 1262 medius
894 1197 929 1260 in
943 1196 1083 1274 confinio
1107 1205 1156 1261 est
1168 1195 1284 1260 utrius·

186 1327 249 1393 que
270 1306 359 1372 modi
379 1305 552 1395 particeps.
1100 1373 1102 1378 ,

268 1415 331 1482 His
353 1415 491 1500 singulis
513 1415 667 1482 orationis
688 1415 873 1481 uirtutibus,
884 1398 969 1480 uitia⁴
984 1423 1103 1499 agnata
1119 1423 1194 1479 sunt
1212 1411 1281 1501 pari

184 1545 331 1600 numero,
368 1545 449 1609 quae
475 1545 586 1589 carum
609 1524 743 1590 modum
767 1534 801 1590 et
820 1523 965 1590 habitum
990 1523 1170 1589 simulacris
1193 1522 1284 1588 falsis

140 1643 175 1700 10
185 1633 415 1698 ementiuntur.
457 1633 504 1699 sic
532 1635 727 1722 plerumque
753 1633 875 1699 sufflati
906 1643 1002 1718 atque
1023 1632 1141 1698 tumidi
1163 1633 1281 1698 fallunt

183 1763 243 1828 pro
265 1741 431 1818 uberibus,
454 1743 640 1826 squalentes
669 1751 701 1806 et
723 1741 824 1807 ieiuni
846 1741 912 1806 dici
939 1763 998 1828 pro
1026 1741 1214 1828 gracilibus,
1233 1738 1280 1804 in·

185 1849 264 1914 certi
288 1859 320 1915 et
343 1850 487 1934 ambigui
509 1873 568 1937 pro
589 1851 819 1916 mediocribus.
867 1874 947 1916 uera
968 1859 1076 1916 autem
1097 1859 1130 1916 et
1151 1848 1285 1936 propria

184 1957 411 2026 huiuscemodi
435 1961 612 2025 formarum
638 1959 790 2045 exempla
813 1959 848 2024 in
861 1959 963 2024 latina
985 1959 1099 2044 lingua
1117 1957 1281 2024 M.Var1·o

184 2090 258 2134 csse
280 2069 358 2134 dicit
378 2070 536 2135 ubertatis
548 2067 736 2154 Pacuuium,
759 2069 949 2156 gracilitatis
961 2069 1136 2152 Lucilium,
1160 2067 1282 2133 medio·

140 2191 173 2245 15
188 2177 308 2244 oritatis
330 2179 530 2246 Terentium.
579 2179 637 2244 scd
665 2181 703 2243 ea
727 2179 797 2267 ipsa
819 2200 941 2266 genera
965 2177 1095 2243 dicendi
1115 2177 1179 2242 iam
1203 2174 1283 2240 anti·
1346 2207 1355 2220 =

185 2285 293 2372 quitus
313 2287 431 2352 tradita
455 2288 494 2352 ab
518 2287 665 2353 Homero
688 2297 762 2351 sunt
783 2287 845 2351 tria
874 2287 909 2351 in
930 2286 1048 2352 tribus:
1075 2285 1284 2371 magnificum

184 2395 219 2458 iu
230 2394 331 2460 Vlixe
346 2405 378 2460 et
393 2397 555 2478 ubertum,
579 2397 697 2460 subtile
719 2395 754 2461 in
765 2395 914 2461 Menelao
938 2404 971 2459 et
993 2394 1181 2478 cohibitum,
1203 2393 1284 2457 mix-

184 2512 254 2568 tum
276 2497 545 2590 moderatumque
568 2505 602 2568 in
623 2505 775 2572 Nestore.

270 2615 511 2683 Animaduersa
541 2616 654 2682 eadem
686 2616 847 2705 tripertita
877 2613 1019 2680 uarietas
1048 2624 1097 2679 cst
1124 2613 1159 2679 in
1181 2613 1285 2679 tribus

134 2735 170 2790 20
188 2723 401 2814 pbilosophis,
430 2748 510 2813 quos
534 2725 754 2791 Athenienses
777 2725 913 2791 Romam
945 2724 986 2788 ad
1015 2731 1164 2788 senatum
1194 2724 1285 2807 lega-

289 2935 332 2990 80.
372 2935 600 3004 ee11.VI14‚1:
620 2934 665 2988 Et
682 2934 718 2988 in
739 2933 894 2989 carmine
976 2937 1013 2987 et
1031 2933 1160 2987 sobria.
1182 2949 1279 2985 unum-

186 3005 314 3076 quodque
335 3011 425 3060 autern
446 3023 533 3078 genus
555 3011 588 3060 ut
614 3007 742 3073 diximus,
765 3024 829 3060 oum
847 3009 923 3060 caste
941 3003 1097 3074 pudiceque
1117 3008 1231 3058 ornatur
1250 3001 1283 3056 fit

188 3077 334 3144 illustrius,
359 3095 422 3131 cum
440 3079 551 3132 fucatur
570 3081 653 3146 atque
673 3078 838 3146 praelinitur
855 3076 887 3130 fit
904 3076 1125 3144 praestigiosum.
1162 3073 1286 3127 Macrob.

186 3154 236 3202 sat.
256 3148 313 3213 15,
333 3147 381 3202 14:
402 3149 466 3203 illos
485 3151 549 3206 dico
569 3167 637 3217 quos
651 3148 836 3202 Athenienses
852 3148 992 3216 quondam
1010 3147 1046 3200 ad
1064 3150 1191 3200 senatum
1211 3145 1286 3214 lega·

187 3223 287 3273 nerant
304 3219 485 3288 impetratum
503 3221 546 3275 uti
563 3221 679 3274 multam
696 3220 862 3286 remitteret,
892 3236 976 3287 quam
1005 3217 1115 3271 ciuitati
1134 3234 1229 3270 eorum
1247 3215 1287 3269 ie-

188 3295 266 3350 cerat
290 3295 407 3360 propter
426 3291 513 3360 Oropi
532 3293 728 3346 uastationem.
770 3308 803 3344 ea
829 3291 917 3343 multa
946 3289 1039 3343 fuerat
1065 3290 1203 3342 talentum
1227 3287 1286 3342 iere

186 3361 376 3431 quingentum.
412 3370 492 3417 erant
508 3364 556 3417 isti
573 3363 730 3432 philosophi
743 3362 899 3417 Carneades
920 3379 954 3414 ex
975 3359 1125 3426 academia,
1145 3359 1285 3428 Diogenes

187 3434 301 3500 stoicus,
318 3433 455 3487 Critolaus
470 3434 680 3503 peripateticus,
693 3451 761 3502 quos
780 3433 875 3486 serunt
895 3450 1020 3486 seorsum
1038 3448 1174 3500 quemque
1193 3435 1283 3482 osteu-

186 3504 266 3557 tandi
284 3505 376 3572 gratia
395 3523 446 3572 per
465 3505 646 3560 celeberrima
670 3505 748 3558 urbis
772 3504 833 3558 loca
856 3521 957 3572 magno
983 3506 1125 3557 conuentu
1145 3501 1287 3556 hominum

187 3574 389 3631 dissertauiass.
418 3576 472 3631 fuit
489 3583 521 3630 ut
538 3577 657 3632 relatum
676 3579 719 3629 est
734 3575 866 3632 facundia
878 3574 1033 3629 Carneades
1052 3573 1179 3626 uiolenta
1197 3575 1226 3626 et
1243 3587 1287 3624 ra-

288 3783 302 3836 1
332 3781 362 3840 R
387 3799 422 3830 -·
447 3781 509 3840 cod.
534 3780 675 3856 Lacydon.
698 3780 958 3852 Rottendorfioucs
985 3777 1116 3840 Gronau.
1144 3779 1185 3837 21
1210 3792 1286 3836 soce.

188 3863 260 3922 XII
288 3859 339 3935 (cf.
364 3865 459 3923 Horta
487 3866 545 3924 ber.
577 3866 606 3922 d.
637 3865 740 3923 berlin.
765 3865 949 3923 acad.1847
970 3882 1001 3937 p.
1015 3860 1083 3938 411)
1116 3878 1199 3934 quem
1223 3863 1287 3933 ipse

187 3948 296 4007 contult
322 3949 352 4004 in
374 3948 483 4016 soluta]
503 3950 534 4005 in
555 3967 609 4006 om.
631 3949 662 4006 R
686 3941 701 4026 ΙΙ
725 3949 742 4004 2
769 3947 896 4022 ,pabilia
926 3945 1016 4021 (corr.
1043 3965 1079 4006 aa
1097 3937 1221 4020 babilia)
1245 3944 1287 4001 cis

185 4031 317 4088 fecerunt
339 4034 398 4090 tria
419 4027 447 4087 a*
468 4051 521 4090 noa
549 4033 677 4108 primurn
699 4031 819 4089 uberem
839 4049 978 4088 uocemue
998 4048 1052 4089 om.
1075 4031 1198 4102 reliquis
1216 4026 1246 4085 R
1264 4017 1280 4108 Η

187 4163 204 4222 5
227 4168 288 4240 atq:
311 4168 371 4241 atq:
394 4167 425 4224 R
443 4166 491 4234 ΙΙΘ
513 4165 591 4222 nicia
609 4166 723 4231 121110
745 4165 987 4224 emenciunturR
1000 4155 1015 4242 ΙΙ
1035 4165 1072 4219 12
1095 4133 1287 4238 propriaLca

184 4247 215 4308 R
229 4251 244 4318 ΙΙ
258 4250 298 4306 20
318 4248 471 4326 filosophis
489 4249 519 4309 R
532 4250 547 4319 ll
561 4250 724 4308 atenieuses
743 4250 774 4310 R
787 4252 802 4322 ll
816 4253 949 4308 senatum
972 4246 1076 4327 populi
1096 4246 1288 4321 legrauerunt

185 4333 362 4414 imperatum
382 4334 411 4394 R
425 4335 440 4406 ΙΙ
