3152 5142
684 486 724 544 dd

157 657 310 722 diocriter
328 656 412 720 hano
433 675 541 732 rorum
562 656 812 745 dispositionem
832 657 959 722 firmare
974 679 1016 722 ae
1027 658 1154 722 munire
1172 659 1252 724 mihi

157 765 297 830 uidetur.
1056 829 1058 832 .

259 874 384 940 Versus
405 873 586 940 secuudum
605 873 789 938 Varronem
814 874 868 957 (fr.
891 873 946 957 69)
978 875 1156 940 uerborum
1187 875 1256 941 iun-

157 993 246 1048 ctura
267 992 328 1064 est,
348 1005 431 1071 quae
453 1005 513 1072 per
533 983 686 1048 articulos
709 992 742 1047 et
763 991 923 1050 commata
943 1005 980 1048 ac
995 985 1168 1071 rhythmos
1190 1007 1257 1050 mo-

157 1093 286 1158 dulatur
300 1092 342 1156 ¹in
363 1091 475 1181 pedes.
519 1115 615 1180 quam
640 1091 864 1156 definitionem
887 1092 942 1176 qui
966 1093 1135 1180 proposuit
1165 1106 1276 1181 prae

156 1201 286 1266 mittere
314 1199 425 1265 debuit
446 1200 525 1286 quid
548 1201 620 1265 sint
641 1199 770 1264 articuli
791 1210 950 1266 commuta
971 1201 1155 1284 rhythmus.
1181 1225 1256 1290 pro-

155 1319 270 1396 pterea
291 1308 433 1374 Varroni
454 1309 551 1374 trihni
577 1330 659 1394 quae
681 1309 767 1394 apud
789 1309 1008 1394 Victorinum,
1043 1333 1140 1398 quem
1163 1312 1255 1398 Aph-

156 1419 304 1484 thunium
326 1417 391 1482 diei
412 1415 542 1482 mauolt'
558 1417 619 1482 Th.
644 1416 757 1502 Bergk
777 1417 937 1504 philolog.
959 1418 1044 1484 XVI
1068 1441 1099 1505 p.
1112 1421 1174 1486 639
1196 1445 1255 1508 sq,

157 1528 219 1592 hoe
242 1527 462 1613 fragmentum
482 1525 685 1612 praecedunt
705 1535 739 1590 et
755 1526 797 1591 de
811 1527 891 1592 colis
906 1527 1138 1613 commatisque
1151 1541 1255 1616 'agunt

158 1639 211 1722 (lr.
224 1637 290 1717 68).
311 1638 352 1702 de
375 1636 676 1702 differentia'metri
697 1659 736 1702 ac
759 1636 903 1722 rhythmi
926 1638 970 1704 Μ.
993 1637 1185 1703 Terentium
1209 1639 1257 1703 di-

157 1747 246 1812 xissc
257 1747 413 1829 certiores
424 1770 484 1812 nos
502 1747 578 1810 facit
590 1746 771 1816 Diomedes
788 1747 841 1831 (fr.
855 1747 920 1831 66),
944 1769 962 1811 e
983 1771 1047 1835 quo
1071 1749 1259 1814 testimonio
1327 1777 1335 1786 ·

159 1856 199 1921 de
218 1856 390 1942 utriusque
410 1866 527 1922 ustura
550 1877 625 1920 eum
645 1855 838 1922 disseruisse
859 1857 1016 1942 sequitur.
1054 1879 1136 1945 quae
1158 1857 1261 1943 igitur

158 1966 244 2055 apud
256 1966 463 2032 Victorinum
486 1975 519 2032 et
537 1965 745 2048 Diomedem,
768 1965 810 2030 ad
834 1988 914 2050 qnos
937 1966 1075 2032 frustula
1098 1965 1258 2051 quaedam

159 2077 253 2141 huius
270 2076 349 2142 libri
370 2077 561 2164 peruenisse
583 2077 647 2142 iam
669 2075 821 2158 uidimnr,
845 2075 962 2141 dehac
979 2097 1015 2141 re
1031 2077 1258 2142 conuenientia

159 2186 243 2250 inter
258 2207 297 2250 se
308 2185 472 2271 leguntur,
493 2183 764 2272 probabiliterad
772 2184 955 2250 Varronem
969 2183 1160 2250 referemus.
1185 2201 1259 2251 oon·

158 2295 304 2360 firmatur
322 2293 430 2359 autem
445 2293 509 2358 hoc
520 2292 700 2379 Augustini
719 2293 919 2376 auctoritate,
945 2295 1042 2380 quem
1060 2294 1202 2362 inlibris
1219 2295 1260 2359 de

160 2402 478 2469 musicaeVarrouis
497 2401 580 2471 libro
599 2401 639 2466 de
661 2401 775 2466 eadem
798 2423 834 2466 re
855 2403 979 2488 scripto
1001 2403 1146 2468 hausisse
1168 2413 1258 2466 reete

159 2511 242 2576 uidit
257 2512 306 2576 Η.
322 2511 415 2576 Woil
436 2509 470 2576 in
492 2510 700 2576 Fleckeiseni
734 2511 840 2576 annal
864 2511 952 2574 1862,
966 2511 1092 2598 pseee.
1114 2511 1177 2574 344
1203 2509 1257 2575 cf.

159 2621 274 2706 Bergk
287 2621 308 2686 l.
321 2646 346 2686 s.
358 2643 389 2708 p.
403 2621 476 2705 641,
497 2629 666 2707 praeterea
677 2620 718 2685 ad
732 2619 873 2685 eundem
895 2619 1059 2708 portinent
1074 2641 1156 2705 quae
1171 2629 1257 2684 uter-

160 2751 222 2814 que
243 2729 285 2794 de
305 2729 441 2818 poetice
457 2731 510 2814 (fr.
522 2730 577 2810 59)
597 2729 695 2795 habet
718 2729 757 2793 cl.
780 2728 901 2795 Isidori
924 2729 1007 2814 orig.
1032 2727 1199 2814 V1117‚3
1222 2738 1255 2792 et

159 2838 317 2903 Varronis
336 2836 543 2905 Parmenone
566 2861 616 2928 ap.
629 2837 772 2904 Nonium
796 2860 827 2903 u.
844 2837 951 2926 poesis
978 2862 1009 2926 p.
1023 2837 1096 2905 428.
1121 2839 1258 2903 circum·

138 2957 272 3035 ,specto
294 2969 373 3011 uero
396 2946 430 3013 in
450 2945 501 3012 his
525 2947 622 3013 rebus
644 2946 766 3012 iudicio
786 2969 866 3034 opus
888 2955 947 3029 est,
971 2970 1045 3012 cum
1067 2971 1132 3013 non
1154 2947 1259 3014 solum

163 3077 274 3122 omnes
305 3055 374 3120 fore
404 3055 581 3143 scriptores
614 3053 739 3120 metrici
769 3053 862 3119 latini
894 3082 913 3120 a
939 3053 1055 3122 Caesio
1077 3055 1178 3122 Basso
1204 3058 1258 3140 (cf.
1371 3065 1374 3070 '

162 3164 203 3232 Ο.
226 3164 310 3230 Iahn
345 3187 450 3231 eonm.
474 3166 509 3230 in
528 3167 620 3232 Pers.
644 3175 703 3230 sat.
726 3165 809 3230 Vll
832 3188 864 3252 p.
876 3164 935 3228 211
951 3187 998 3250 sq.
1038 3164 1081 3230 H.
1108 3165 1259 3235 Wentael

164 3275 312 3360 symbola
336 3274 405 3340 crit.
427 3275 468 3340 ad
490 3275 564 3342 hist.
585 3276 698 3363 script.
722 3284 817 3340 metr.
839 3275 895 3342 lat.
916 3297 948 3362 p.
962 3275 991 3341 6.
1032 3275 1260 3344 hahentur

161 3384 319 3470 philolog.
337 3385 390 3450 XI
409 3409 440 3474 p.
455 3385 516 3450 739
529 3395 591 3472 sq.)
611 3385 785 3471 pendeant,
808 3407 826 3448 e
851 3407 917 3470 quo
939 3385 1081 3450 Atilium
1099 3386 1261 3452 Fortuna*

163 3493 285 3559 tianum
307 3493 505 3560 Diomedem
526 3495 758 3560 Terentianum
782 3493 932 3559 Maurum
954 3494 1100 3560 hausisse
1120 3494 1261 3559 ostendit

164 3607 199 3673 O.
210 3607 401 3672 Lachmann
423 3608 523 3693 praef.
543 3609 675 3674 Terent.
687 3609 791 3675 Maur.
805 3632 835 3697 p.
848 3609 942 3673 XVI.
963 3609 1003 3674 cf.
1018 3600 1172 3673 Wentael
1193 3609 1214 3673 l.
1227 3609 1259 3691 l.,

131 3711 136 3714 ⁸
162 3739 276 3784 uerum
299 3715 395 3781 etiam
419 3708 532 3806 omnes
556 3739 630 3781 cum
650 3719 737 3783 bons
757 3727 789 3782 et
811 3718 940 3802 antiqua
973 3715 1121 3783 doctrina
1151 3727 1258 3806 poste·

162 3825 285 3892 riorum
301 3826 490 3914 ¹temporum
511 3844 594 3891 uana
614 3825 747 3891 inuenta
772 3813 950 3911 dubiasque
970 3825 1025 3890 ucl
1042 3825 1138 3891 falsas
1153 3828 1261 3890 obser-

163 3936 309 4002 uationes
332 3935 500 4002 miscuisse
524 3945 556 4000 et
578 3935 765 4002 confudisse
790 3943 917 4001 constet
947 3935 1001 4018 (ef.
1029 3937 1071 4002 A.
1093 3935 1259 4010 Rossbach

165 4044 203 4110 de
226 4053 322 4110 metr.
346 4068 455 4130 graec.
480 4045 564 4134 disp.
586 4047 640 4111 alt.
661 4069 694 4132 p.
711 4047 748 4112 16
764 4069 811 4132 sq.
840 4045 878 4112 R.
892 4043 1068 4129 Westphal
1091 4044 1121 4108 d.
1145 4045 1261 4130 fragm

164 4177 193 4220 u.
205 4155 306 4221 lehrs.
319 4154 350 4220 d.
362 4155 485 4240 griech.
498 4155 642 4239 rhythm.
654 4179 685 4242 p.
698 4155 766 4219 102.
784 4155 853 4219 113.
876 4154 917 4220 al.
938 4154 965 4218 Ι.
984 4151 1104 4218 Caesar
1124 4155 1261 4239 grundis.

166 4263 194 4329 d.
216 4263 342 4350 grieoh.
364 4263 507 4349 rhythm.
522 4287 553 4352 p.
565 4264 627 4328 273
639 4285 686 4349 sq.
713 4259 754 4329 H.
769 4263 870 4337 Weil
881 4263 903 4328 l.
917 4287 940 4327 s.
955 4287 980 4328 s.
992 4286 1024 4350 p.
1037 4263 1099 4330 338
1110 4285 1156 4352 sq.
1182 4263 1260 4331 Luc.

166 4371 306 4438 Mueller
328 4371 370 4438 de
392 4393 429 4438 re
452 4383 545 4439 metr.
569 4381 656 4460 poet.
678 4373 733 4438 lat.
755 4393 789 4458 p.
809 4372 848 4436 16
868 4373 940 4460 sq.).
987 4373 1158 4460 praeterea
1180 4372 1264 4438 Mori

1044 4487 1062 4545 6
