3126 5146
725 469 763 526 77

195 646 390 712 destinatum
412 643 512 710 luisse
530 641 865 726 -uida'rimusrlsaeob
885 641 1032 712 indidem
1056 641 1192 712 fluxisse
1214 663 1290 710 aon·

194 755 335 820 tidenter
357 753 503 818 adfirmo
526 751 588 818 tuin
611 752 713 837 igitur
734 772 858 836 &aare
880 749 1011 816 dicendi
1040 759 1115 844 sunt
1137 753 1194 833 (el.
1220 748 1289 816 Cio.

195 871 283 946 orat.¹
296 865 332 946 5,·
349 863 400 928 20.
418 861 531 943 Quint.
551 860 623 930 ΧΠ
641 862 690 945 10,
705 861 759 944 bb)
783 886 802 926 a
826 860 966 930 Gnaeois
989 857 1089 940 ἁδρὸν
1111 856 1223 938 ἰσχνὸν
1236 857 1291 938 μέ·

196 993 260 1054 oea,
283 990 368 1058 qnae
379 969 640 1056 Theophrastum
659 969 800 1057 primum
822 969 997 1054 agnouisse
1020 969 1165 1054 sequitur
1180 967 1291 1038 eDio-

194 1103 267 1166 uys.
287 1079 363 1146 Hal.
381 1079 422 1146 do
438 1079 534 1146 Dein.
557 1077 590 1144 ui
610 1078 671 1146 dic.
686 1079 717 1146 3.
742 1077 821 1164 Lys.
837 1077 938 1161 6.(cf.
960 1077 1193 1148 Wostarmauo
1220 1077 1242 1143 l.
1268 1102 1292 1146 s.

194 1212 225 1277 p.
237 1187 323 1274 170),
341 1187 523 1255 oRomanis
535 1188 617 1256 ubet
630 1187 796 1254 medioata
807 1187 934 1272 graeile
944 1187 1117 1273 adpellata,
1126 1199 1213 1271 ‘queo
1229 1187 1292 1256 uis·-

194 1305 282 1364 tutes
306 1297 334 1366 ai
358 1296 490 1365 modum
513 1295 678 1365 exnadunt
701 1295 782 1361 uitia
802 1295 894 1362 liunt.
923 1295 1099 1364 tatianum
1114 1304 1292 1383 ⁴potaturum

195 1406 347 1494 exempla
368 1426 440 1475 esso
457 1403 614 1498 ubertatis
628 1404 818 1488 Pacuuium,
833 1403 1023 1488 gracilitatis
1037 1402 1293 1487 Lueiliumfsuo-

195 1514 376 1582 diooritstis
402 1513 621 1596 Terentium„
639 1513 842 1598 eandemque
877 1513 1034 1586 orationis
1071 1512 1292 1584 diuersitatsm

195 1633 278 1690 teste
289 1621 430 1708 Polybio
451 1633 484 1690 at
497 1622 620 1690 Rutilio
642 1644 721 1708 prae
743 1644 778 1688 se
799 1622 912 1694 tulisse
927 1622 1042 1694 ,olaros
1063 1622 1293 1706 legatos‘quos

195 1757 223 1802 a.
245 1730 605 1824 quLXXXXVIlII
624 1730 859 1801 ‚ananienses
888 1731 1024 1801 Romam
1058 1730 1205 1804 miaetint
1238 1729 1293 1814 (of.

197 1841 266 1909 oio.
292 1841 381 1909 send.
405 1855 453 1928 pr.
475 1840 576 1923 1145,
591 1840 677 1924 137),
700 1837 904 1912 Omanadum
927 1838 1151 1906 academicum
1168 1839 1292 1925 Dioge-

195 1972 272 2016 nem
293 1947 432 2018 stoicum
444 1947 624 2020 ¹Critolaum
648 1948 904 2036 peripatetioum.
927 1969 1002 2016 oum
1024 1967 1104 2015 uero
1126 1948 1189 2013 hoo
1206 1950 1293 2035 frag-

196 2069 306 2128 mento
339 2058 458 2124 iterum
483 2057 662 2142 uideamus,
696 2077 792 2145 qnam
823 2066 895 2157 outo
917 2057 1037 2144 ubique
1067 2067 1233 2126 oratorum
1263 2066 1294 2122 ot

196 2178 366 2256 poetarum
386 2167 543 2253 loquendi
565 2189 689 2238 morem
710 2166 928 2248 coniunxerit,
951 2167 1026 2234 iuno.
1042 2177 1163 2240 nostum
1177 2167 1211 2238 in
1232 2169 1294 2237 hoe

197 2278 279 2344 libro
301 2277 344 2344 ale
359 2276 555 2348 ‘discrimina
577 2277 704 2352 solutae
719 2285 753 2342 et
768 2275 919 2364 poetisne,
929 2275 1084 2342 arebonis
1099 2286 1207 2345 aotum
1224 2299 1295 2344 esso

198 2396 411 2475 expectamus
433 2385 676 2472 ideoquehuio
703 2386 787 2452 libro
815 2383 1017 2453 uindieamus
1043 2403 1126 2468 quae
1149 2387 1295 2456 Isidorus

197 2495 273 2561 137
297 2495 397 2560 habet
418 2495 471 2580 (fr.
494 2495 556 2575 79).
601 2517 794 2582 quamquam
817 2517 881 2560 non
903 2493 973 2558 sine
995 2494 1062 2560 ulla
1082 2495 1295 2564 haesitatione

199 2604 262 2669 boo
284 2604 404 2668 fantum
429 2625 500 2669 esse
520 2606 635 2670 fateor.
659 2627 725 2668 nou
743 2604 861 2669 desunt
878 2603 1010 2688 quidem
1023 2604 1163 2692 uestigia
1174 2605 1294 2671 Isidori

198 2724 347 2780 auctores
368 2713 470 2780 libros
493 2723 621 2780 nostros
644 2713 842 2806 adhibuisse,
863 2712 951 2798 quod
965 2711 1174 2783 adnotatione
1185 2724 1296 2783 nostra

199 2823 317 2905 diseas,
340 2821 399 2887 sed
421 2846 536 2910 parum
560 2823 673 2910 liquot,
696 2821 811 2907 quibus
834 2821 986 2908 operibus
1012 2821 1223 2890 Vennonianis
1247 2823 1295 2890 illi

199 2931 331 2997 omnino
366 2930 416 2996 usi
442 2930 523 3015 sint,
555 2937 651 3018 quam
686 2939 722 2995 ut
751 2938 841 2996 nesto
871 2929 1086 2995 demonstrari
1113 2932 1216 3019 possit
1244 2933 1296 2999 oui

197 3039 292 3107 libio'
309 3039 440 3126 singula
462 3041 602 3106 frustula
626 3039 807 3105 debuerint.
838 3040 1055 3126 quarentium
1086 3062 1199 3106 omnes
1227 3041 1296 3106 fere

198 3149 317 3214 Isidori
334 3150 549 3236 etymologias
562 3150 624 3214 nisi
636 3150 772 3214 aliorum
787 3149 979 3215 testimoniis
994 3149 1180 3217 tribuuntur
1190 3173 1298 3238 gram·

200 3257 323 3324 matieis
345 3255 437 3324 libris
461 3257 606 3346 neglexi,
627 3281 687 3324 nen
708 3259 841 3326 dubium
864 3271 912 3348 est
934 3260 1013 3348 quin
1034 3283 1090 3327 eae
1112 3284 1224 3328 omnes
1243 3260 1298 3328 nel

199 3368 313 3432 saltem
330 3369 444 3454 longo
480 3366 653 3433 maximam
685 3378 811 3456 partem
844 3391 885 3434 ex
918 3367 988 3434 aliis
1009 3368 1101 3436 libris
1122 3382 1297 3459 excerptae

200 3477 274 3560 sint,
307 3499 470 3564 nunquam
503 3497 584 3542 uero
618 3476 664 3542 ois
697 3477 925 3550 delibratam
957 3476 1068 3554 indole
1104 3502 1142 3544 ao
1172 3480 1298 3546 rabone

202 3585 378 3670 quidquam
406 3585 570 3654 doeemur.
614 3587 833 3672 fragmentum
860 3587 908 3652 vda
939 3608 1002 3670 quo
1024 3609 1112 3652 nuno
1126 3577 1298 3673 loquore

201 3693 447 3778 quodam-libro
468 3704 634 3782 sumptum
656 3716 727 3761 esso
752 3705 890 3784 oportet,
924 3697 959 3761 in
991 3719 1053 3781 quo
1086 3697 1128 3762 do
1150 3718 1246 3786 prosa
1267 3708 1300 3763 et

200 3801 388 3890 eloquentia
408 3801 645 3888 disputabatur,
669 3804 755 3891 qnod
781 3805 904 3870 etiamsi
928 3805 963 3870 in
989 3805 1136 3893 pluribus
1155 3803 1298 3895 floripa-

200 3912 264 3975 tuit
287 3922 322 3974 nt
344 3909 379 3974 in
401 3911 493 3976 libais
507 3911 763 3996 'rbetorioommq
792 3922 900 3981 tamen
930 3914 1089 4002 librorum
1113 3914 1298 3981 nostrolum

202 4021 397 4038 a--m-o--u-A-

251 4111 254 4118 .
278 4133 280 4142 y
305 4072 331 4142 1)
350 4072 389 4128 Et
406 4078 500 4128 totum
525 4073 636 4142 quidem
659 4077 752 4144 eaput,
781 4077 891 4130 retento
916 4075 1004 4144 igitur
1029 4075 1168 4130 Retinet
1191 4075 1299 4144 Polybii

201 4167 362 4230 testimonio
381 4169 532 4225 aVarrono
551 4168 670 4250 Gellium
690 4169 831 4239 aeoepisse
850 4174 928 4239 puto,
948 4170 983 4224 of.
1001 4170 1032 4225 L.
1052 4170 1189 4226 Mereklin
1212 4171 1238 4229 d.
1261 4173 1298 4232 oi·

202 4263 341 4320 tiermeth.
364 4265 390 4318 d.
410 4265 479 4338 Gall.
498 4283 525 4334 p.
535 4264 596 4330 651,
619 4266 657 4333 ,Α,
666 4265 774 4339 Krousa
792 4267 842 4322 uit
862 4271 891 4323 et
907 4266 1005 4334 fragm.
1024 4267 1090 4324 bist.
1109 4285 1178 4324 rom.
1198 4287 1226 4338 o.
1238 4267 1298 4330 230.

203 4363 236 4420 H.
245 4363 345 4419 Nisen
366 4366 429 4419 krit.
448 4365 636 4435 untsrsuohgu
655 4366 720 4428 uel).
740 4365 767 4420 d.
785 4365 868 4433 quell.
888 4364 915 4420 tl.
933 4364 998 4421 tta·
1012 4364 1138 4434 olam„
1251 4410 1256 4422 ,
