3126 5146
789 505 829 563 88

263 701 375 744 eorum
407 700 489 767 quae
519 679 560 743 ad
593 679 860 764 cognoscendum
891 678 1022 762 linguae
1049 677 1168 742 latinae
1190 675 1359 742 historiam

263 789 394 854 maximi
421 789 575 855 momenti
598 798 683 872 sunt,
706 810 722 854 c
745 781 897 852 Varrone
916 786 1149 852 transtulerint.
1171 785 1232 850 sed
1249 807 1358 868 quarn·

262 899 312 962 uis
334 900 414 964 fines
440 921 521 983 quos
553 898 632 964 mihi
665 897 825 964 constitui
846 897 879 961 in
902 896 962 960 hac
981 919 1017 960 re
1041 920 1107 962 000
1126 895 1230 960 inuito
1251 893 1358 960 animo

262 1008 523 1094 transgrederer,
543 1018 653 1072 tamen
674 1007 708 1071 in
733 1006 907 1072 certisuol
927 1007 1166 1094 simplicissima
1187 1025 1358 1090 argumen-

263 1117 384 1182 tatione
406 1117 469 1181 huo
494 1116 677 1181 referendis
699 1115 883 1203 acquiesce.

361 1227 399 1294 Si
428 1247 507 1290 uero
528 1225 606 1290 Veli
627 1225 736 1310 Longi
769 1224 1020 1312 disputationem
1046 1245 1142 1310 quam
1169 1246 1269 1311 supra
1291 1245 1358 1317 ’ex-

265 1335 362 1422 cripsi
385 1335 651 1422 percurrentibus
674 1335 745 1398 ueri
767 1342 836 1398 erat
857 1333 951 1398 nobis
974 1331 1079 1396 similo
1103 1331 1202 1396 libros
1228 1332 1269 1396 de
1293 1353 1359 1400 ser·

265 1465 360 1509 mone
391 1444 493 1508 latino
525 1444 718 1529 scriptorem
742 1443 776 1507 in
797 1443 946 1508 manibus
980 1441 1143 1524 habuisse,
1177 1441 1242 1506 duo
1275 1465 1362 1507 nunc

264 1552 430 1632 accedunt,
463 1553 578 1636 quibus
611 1573 724 1617 omnes
754 1552 814 1636 hos
851 1551 1079 1638 grammaticos
1113 1571 1155 1615 ex
1185 1551 1235 1616 his
1268 1551 1362 1616 libris

264 1661 408 1727 hausisse
439 1663 656 1726 confirmatur.
702 1660 842 1749 primum
872 1661 957 1726 enim
978 1661 1101 1726 seimus
1121 1659 1305 1730 Varronem
1326 1660 1361 1726 in

265 1772 381 1836 horum
402 1771 561 1836 librorum
583 1770 680 1836 tertio
703 1771 743 1834 de
765 1769 984 1859 adspiratione
1013 1770 1131 1856 egisse,
1166 1769 1254 1857 quod
1284 1769 1362 1856 quin

265 1881 340 1946 satis
365 1880 494 1966 copiose
517 1889 550 1944 et
570 1890 719 1945 accurate
741 1880 856 1946 feeerit
875 1879 1025 1946 dubitare
1048 1901 1115 1944 non
1139 1879 1270 1965 poterit,
1305 1877 1364 1964 qui

265 1999 386 2075 quanta
408 1989 555 2054 doctrina
577 1998 610 2054 ct
635 1989 806 2076 diligentia
828 1988 1002 2054 elaborarit
1023 1987 1066 2052 dc
1089 1987 1274 2054 accentibus
1296 2007 1363 2054 mo·

265 2099 405 2164 minerit.
439 2098 562 2186 optime
584 2098 686 2184 igitur
707 2098 768 2164 hae
790 2098 961 2186 relliquiae
984 2119 1067 2184 quae
1090 2097 1282 2186 ampliorem
1305 2119 1362 2164 00-

103 2234 107 2242 ’
164 2305 166 2308 .
265 2208 463 2296 positionem
485 2207 628 2295 produnt
644 2208 692 2272 illi
712 2207 796 2274 libro
818 2217 894 2296 apta
917 2216 999 2273 sunt.
1023 2208 1161 2272 alterum
1179 2207 1220 2272 ad
1238 2215 1362 2295 tempo-

266 2343 340 2386 rum
353 2319 494 2384 rationes
510 2326 642 2405 spectat.
667 2316 830 2384 Cornutus
849 2318 936 2384 enim
948 2317 1136 2385 Cassiodori
1155 2319 1237 2383 haec
1248 2318 1365 2383 scribit

267 2429 310 2516 (p.
318 2428 426 2512 2284);
441 2429 651 2495 20ον0000000
662 2435 971 2505 200000000000000
983 2451 1024 2492 00
1035 2436 1178 2494 mactmus
1191 2435 1224 2492 et
1236 2428 1262 2493 si
1276 2449 1359 2514 quaa

264 2537 382 2602 similia
405 2541 480 2601 sunt
502 2535 599 2602 scribi
619 2535 738 2602 debeat
760 2535 914 2618 (debcant
929 2537 994 2621 R),
1016 2535 1197 2623 quaesitum
1219 2545 1276 2604 est
1298 2535 1361 2601 Te·

265 2645 390 2711 rentius
412 2646 519 2710 Varro
544 2645 679 2710 tradidit
695 2638 875 2712 Caesarem
888 2641 918 2729 ¹)x
942 2667 1005 2734 per
1023 2646 1042 2710 I
1075 2645 1234 2738 eiusmodi
1262 2647 1365 2711 uerba

267 2761 396 2826 solitum
420 2782 491 2826 0000
515 2760 683 2824 enuntiare
704 2767 737 2823 et
762 2759 916 2824 seribere.
937 2758 1015 2823 inde
1038 2768 1170 2846 propter
1191 2757 1363 2829 auctorita·

266 2880 331 2934 tem
352 2869 432 2934 tanti
454 2869 516 2934 uiri
538 2849 807 2935 consuetudinem
821 2869 959 2951 factam'.
982 2867 1022 2932 de
1036 2868 1270 2949 cousuetudine¹
1284 2889 1365 2934 uero

270 2979 308 3046 C.
323 2977 470 3044 Caesaris
486 2978 679 3042 auctoritate
699 2987 770 3042 orta
783 2976 923 3044 Caesare
938 2976 1147 3043 adolescente
1170 2979 1224 3043 uel
1245 2979 1364 3066 potius,

267 3101 305 3154 ut
336 3089 440 3152 dicam
475 3087 561 3175 quod
589 3087 706 3171 sentio,
736 3087 813 3152 uiuo
837 3085 980 3153 Caesare
1001 3087 1059 3151 uix
1083 3087 1252 3173 quisquam
1273 3088 1364 3173 loqui

267 3195 381 3286 potuit.
404 3217 503 3284 opera
521 3196 796 3262 autemVarronis
817 3196 1031 3282 grammatica
1052 3218 1135 3281 quae
1156 3196 1212 3260 hio
1232 3197 1267 3265 in
1289 3219 1364 3262 oen-

268 3333 339 3376 sum
360 3307 494 3374 ueniunt
516 3317 571 3373 aut
594 3308 695 3373 multo
717 3308 808 3395 prius
830 3307 951 3396 scripta
974 3316 1056 3389 sunt,
1082 3331 1176 3395 quarn
1197 3305 1364 3394 inquibus

271 3485 468 3494 ...κη’-.-

367 3562 394 3628 1)
415 3561 599 3628 Quintilianus
619 3561 694 3628 (inst.
715 3564 784 3614 orat.
803 3561 815 3613 Ι
833 3559 858 3626 7,
873 3561 917 3629 21)
940 3564 967 3614 et
985 3559 1079 3614 Velius
1095 3559 1208 3628 Longus
1228 3559 1266 3628 (p.
1278 3557 1363 3624 2228)

267 3660 295 3713 in
308 3659 431 3712 Caesaris
451 3638 542 3711 titulis
560 3657 600 3710 ita
619 3657 754 3726 scriptum
771 3655 857 3710 fuisse
874 3655 1036 3710 tradunt-
1047 3657 1116 3711 Cum
1134 3653 1187 3709 hoc
1205 3656 1267 3710 loco
1274 3655 1365 3710 Varro

268 3755 413 3809 (tessaram
435 3754 568 3820 nominet,
588 3759 686 3808 contra
694 3753 849 3814 Varronem
865 3753 1009 3806 aCaesare
1026 3753 1211 3822 inpugnatum
1230 3768 1290 3805 0000
1309 3746 1366 3804 noli

242 3837 244 3842 ¹
268 3836 378 3904 officere
400 3867 415 3903 0
433 3849 566 3918 Pompeio
587 3849 622 3902 ad
640 3851 711 3904 Don.
730 3867 757 3918 p.
767 3847 820 3902 233
839 3848 933 3903 Lind.:
965 3849 1090 3903 ‘Lectum
1110 3853 1152 3903 est
1176 3849 1230 3902 hoo
1254 3846 1365 3916 saepius

267 3947 414 4015 praecipue
429 3947 671 4015 npudVarronem.
690 3947 735 4000 ille
755 3946 831 4013 dicit,
849 3950 892 4000 tac
904 3964 960 3999 000
980 3946 1111 3999 debemur
1131 3925 1288 3998 diceresed
1299 3947 1363 3996 loct.

268 4043 316 4095 sed
336 4043 407 4095 dixit
431 4041 532 4096 Caesar
560 4049 658 4096 contra
682 4044 773 4112 ipsum
798 4061 856 4096 rem
879 4043 1106 4108 ualentissimum,
1131 4041 1237 4114 nullum
1264 4057 1366 4094 000000

269 4140 374 4192 duabus
395 4139 478 4192 mutis
495 4139 656 4192 terminari'.
693 4138 824 4194 Caesaris.
843 4140 917 4193 enim
941 4144 1091 4210 praecepto
1119 4139 1154 4192 ad
1173 4137 1365 4207 castigandum

267 4233 421 4287 Varronem
440 4234 531 4288 utitur
540 4233 687 4303 Pompeius
700 4234 759 4288 siue
778 4234 839 4304 quis
857 4234 910 4289 fuit
927 4235 985 4288 eius
1006 4239 1113 4301 auctor,
1131 4233 1180 4288 sed
1197 4233 1288 4302 ipsum
1299 4231 1365 4287 Cae-

269 4343 358 4382 sarem
376 4329 405 4380 id
424 4328 522 4382 fecisse
543 4345 558 4382 0
583 4333 713 4384 contorto
739 4332 766 4383 et
790 4329 848 4384 fero
871 4329 973 4398 ubique
1001 4330 1105 4384 absono
1124 4312 1366 4398 Pompet'getsre

268 4423 375 4480 dicendi
397 4425 535 4494 conligare
554 4433 609 4480 noh
629 4425 704 4481 licet.
