3126 5146
696 1291 776 1376 IIII

286 1527 393 1611 Quam
414 1526 560 1612 egregiis
582 1549 619 1592 ae
641 1546 746 1615 paene
771 1527 991 1615 singularibus
1014 1525 1128 1615 ingeni
1149 1525 1284 1594 faculta-

186 1639 274 1705 tibus
295 1637 337 1704 ad
358 1636 544 1704 tractandas
565 1636 771 1721 quaestiones
791 1635 962 1704 historicas
976 1635 1135 1723 cuiusque
1151 1635 1283 1722 generis

185 1750 291 1817 Varro
315 1747 483 1838 praeditus
503 1745 602 1814 feerit
625 1756 812 1835 quanteque
835 1746 942 1812 studio
964 1754 997 1810 et
1012 1765 1124 1812 amere
1147 1767 1182 1816 ee
1206 1767 1283 1812 eon-

184 1858 343 1925 loeauerit
365 1880 433 1924 nen
456 1857 562 1924 solum
583 1857 617 1922 in
640 1855 878 1944 inuestigandis
900 1879 937 1922 ec
959 1854 1204 1942 perscrutandis
1228 1878 1282 1922 an·

182 1969 348 2056 tiquorum
371 1957 580 2034 romanorum
603 1966 749 2032 moribus
781 1975 814 2031 et
845 1965 1011 2050 institutis,
1040 1987 1156 2030 uerum
1183 1964 1281 2032 etiam

183 2077 217 2144 in
236 2076 439 2162 exquirenda
463 2085 496 2142 ct
518 2075 724 2144 inlustranda
744 2075 929 2142 litterarum
950 2074 1212 2164 scriptorumque
1233 2074 1282 2140 hi·

183 2187 282 2254 storia
315 2186 516 2254 demonstrat
547 2185 647 2272 longa
671 2185 771 2254 series
803 2206 939 2273 eperum
962 2183 1222 2252 doctissimorum
1250 2190 1282 2252 et

182 2294 467 2384 amplissimorum,
499 2317 595 2383 quam
626 2294 667 2362 de
695 2293 745 2359 his
774 2293 873 2360 rebus
898 2293 1078 2382 conposuit.
1122 2316 1188 2360 nen
1225 2293 1282 2359 mi-

183 2428 256 2472 rum
286 2404 390 2490 igitur
421 2413 481 2488 est,
516 2404 603 2492 qued
633 2403 731 2470 etiam
761 2402 797 2470 in
821 2404 923 2469 'rebus
955 2402 1176 2490 grammaticis
1210 2423 1282 2489 par

185 2524 252 2580 tem
285 2513 482 2597 historicam,
516 2536 611 2601 quem
640 2511 784 2602 alioquin
813 2512 847 2580 in
876 2511 1002 2579 deliciis
1028 2511 1150 2596 habuit,
1174 2531 1283 2599 respe-

185 2624 233 2690 xit
263 2632 296 2690 et
318 2647 377 2712 pro
399 2622 487 2689 uirili
511 2633 602 2712 parte
627 2624 663 2691 in
683 2622 734 2689 his
757 2644 886 2710 quoque
916 2621 1043 2707 studiis,
1073 2643 1155 2710 quae
1182 2619 1283 2690 hodie

185 2734 317 2800 demum
336 2743 428 2800 reete
452 2733 674 2817 aestimantur,
699 2732 889 2799 elaborauit.
923 2731 1051 2798 etiamsi
1071 2753 1153 2799 uero
1171 2731 1207 2797 in
1231 2753 1283 2798 ce·

187 2843 266 2910 teris
286 2841 380 2909 libris
399 2843 619 2929 grammaticis
641 2842 699 2908 has
721 2841 928 2928 quaestiones
946 2841 1132 2930 ubicunque
1154 2863 1221 2908 non
1241 2840 1282 2908 ab

184 2960 377 3038 argumento
400 2952 526 3018 alienae
548 2961 641 3018 erant
663 2973 782 3038 magno
804 2975 878 3018 eum
899 2952 1022 3039 gaudie
1037 2952 1092 3018 uel
1108 2952 1218 3039 attigit
1227 2953 1283 3018 uel

184 3063 366 3130 accuratius
387 3061 551 3144 maemuit,
584 3061 650 3129 due
682 3071 792 3128 tamen
825 3061 1030 3150 potissimum
1064 3083 1165 3151 opere
1198 3072 1283 3148 sunt,

185 3193 266 3258 quae
289 3171 335 3235 eis
357 3169 563 3236 instituendis
589 3169 773 3254 destinauit,
802 3169 904 3236 libres
928 3169 1001 3235 dico
1023 3170 1064 3236 de
1088 3170 1279 3260 antiquitate

183 3281 365 3348 litterarum
398 3287 430 3344 et
459 3277 501 3344 de
534 3277 661 3372 origine
689 3279 821 3366 linguae
854 3279 985 3347 latinae.
1028 3280 1094 3346 illis
1127 3279 1215 3346 enim
1242 3281 1283 3347 de

184 3389 375 3458 inuentione
409 3397 441 3454 et
470 3388 708 3477 propagatione
740 3389 922 3455 litterarum
958 3389 1127 3477 exposuit,
1164 3391 1199 3456 in
1232 3391 1283 3458 his

185 3498 363 3587 primordia
386 3508 419 3564 et
442 3519 637 3588 progressus
659 3497 755 3586 patrii
778 3498 937 3564 sermonis
957 3508 1146 3584 persecutus
1170 3509 1229 3566 est.

283 3609 401 3675 Libros
421 3608 470 3674 de
492 3607 756 3694 antiquitate
776 3607 1021 3673 litterarum
1043 3629 1108 3674 uno
1129 3610 1282 3677 nouimus

183 3717 343 3784 Prisciani
358 3716 555 3801 testimonie,
577 3717 632 3801 qui
652 3717 704 3783 Ie
720 3737 752 3803 p.
767 3718 785 3780 7
809 3735 922 3782 eorum
944 3715 1123 3782 seeundum
1139 3717 1283 3786 adhibet.

184 3837 263 3916 quet
287 3821 390 3914 igitur
413 3825 536 3892 fuerint
559 3825 733 3910 nescimuS,
755 3825 814 3892 sed
835 3823 1003 3892 minimum
1026 3834 1092 3891 tres
1114 3827 1215 3893 fuisse
1240 3812 1282 3894 ex

184 3957 276 4002 more
297 3935 362 4002 uiri
384 3934 680 4018 πολυγραφωτάτου
695 3934 929 4022 conligendum
944 3943 1003 4000 est.
1025 3935 1159 4002 eosdem
1172 3941 1280 4003 autem

183 4046 243 4112 hos
259 4045 361 4112 libros
382 4055 571 4134 essentque
592 4044 695 4114 libros
718 4043 758 4110 ad
772 4044 911 4127 Attium,
934 4068 1015 4134 quos
1036 4046 1087 4115 bis
1104 4045 1281 4133 Pompeius

183 4157 223 4223 ad
238 4154 474 4222 DonatumIi.
488 4155 526 4220 17
549 4177 581 4242 p.
594 4154 624 4220 9.
636 4154 676 4217 27
696 4153 791 4220 Lind.
815 4155 952 4243 profert,
973 4161 1039 4222 tam
1061 4155 1163 4222 firmis
1183 4177 1281 4243 argu-

185 4266 302 4332 mentis
325 4265 539 4353 conprobauit
554 4264 750 4333 Ritsehelius
770 4286 847 4330 nou.
872 4287 954 4331 mus.
974 4265 1024 4332 rh.
1035 4264 1086 4332 VI
1106 4288 1139 4353 p.
1149 4266 1224 4352 530,
1245 4278 1282 4333 ut

184 4397 249 4443 non
269 4373 340 4440 ueri
360 4373 465 4440 simile
489 4373 545 4441 sed
562 4383 687 4440 eertum
703 4373 754 4441 sit.
778 4374 918 4461 primum
935 4372 1022 4440 enim
1038 4375 1115 4444 talia
1129 4398 1171 4444 ex
1187 4376 1281 4442 libris
