3126 5146
686 457 745 514 137

165 634 290 714 deatur,
312 641 345 696 et
364 641 471 696 certos
493 639 640 694 auctores
662 640 826 716 tamquam
842 629 942 694 duces
961 629 993 693 in
1017 629 1181 714 plerisque
1198 625 1263 692 vsibi

166 741 348 832 sumpserit,
373 763 438 806 non
460 740 504 804 ita
525 739 596 804 ueri
618 748 667 804 est
689 738 805 804 simile.
849 738 950 803 nihilo
983 737 1087 802 minus
1113 738 1148 802 in
1178 737 1263 824 prio·

166 853 255 917 ribus
287 849 377 916 libris
408 851 527 914 formas
562 847 861 935 declinationesque
900 857 1059 935 quatenus
1090 846 1264 932 analogiae

166 959 463 1048 autrespondeant
484 968 539 1023 aut
563 965 750 1045 repugnent
775 955 1011 1045 considerasse,
1044 955 1078 1020 in
1110 955 1160 1020 his
1188 977 1262 1020 een-

166 1069 298 1134 trariam
314 1066 403 1132 uiam
423 1071 613 1156 persecutus
631 1087 702 1130 esse
725 1064 867 1148 uidetur,
889 1064 917 1130 si
940 1063 1050 1130 titulos
1068 1072 1263 1150 spectamus.

165 1177 349 1262 inutraque
366 1176 466 1261 igitur
490 1196 589 1263 opere
612 1197 708 1240 unam
733 1192 844 1240 aarum
869 1173 1104 1258 quaestionum,
1128 1191 1207 1258 quas
1231 1171 1265 1238 in

165 1283 257 1350 libris
271 1283 313 1348 de
324 1281 441 1368 'lingua
459 1282 559 1348 latina
579 1281 779 1367 generaliter
801 1281 962 1368 exposuit,
987 1278 1168 1351 accuratius
1182 1286 1263 1344 trac·

165 1392 256 1476 teuit,
279 1413 342 1477 qua
365 1413 407 1456 ex
427 1411 464 1456 re
479 1392 601 1477 quanti
624 1390 777 1456 momenti
801 1399 834 1455 et
854 1389 998 1456 ‘Varroni
1018 1397 1051 1454 et
1072 1388 1263 1476 aequalibus

167 1501 235 1566 eius
253 1501 319 1568 ¹hae
342 1523 395 1566 res
418 1499 541 1568 tuerint
562 1499 775 1586 intellegitur.

267 1609 427 1697 Superest
447 1618 483 1673 ut
502 1633 568 1674 uno
590 1611 692 1675 uerbo
714 1617 845 1694 tangam
877 1629 1057 1696 perpaucas
1088 1606 1266 1692 relliquias,

167 1741 302 1806 quarum
337 1719 448 1784 sedena
480 1719 639 1807 indagare
669 1743 734 1786 aon
765 1719 910 1806 contigit.
956 1718 1134 1784 ablatiuum
1157 1717 1265 1784 Varro

167 1837 250 1894 teste
271 1827 433 1894 Diomede
455 1827 509 1912 (fr.
532 1829 604 1912 111)
628 1851 738 1894 casum
769 1838 897 1896 sextum
921 1828 976 1894 uel
998 1827 1135 1895 latinum
1154 1826 1265 1912 adpel-

166 1937 255 2004 lauit.
279 1938 499 2006 curculionem
522 1961 583 2026 pro
610 1939 810 2026 gurgulione
836 1961 896 2026 per
919 1936 1115 2014 ἀντίστοιχον
1137 1935 1194 2002 uel
1212 1958 1265 2000 an-

166 2049 301 2114 tithesin
321 2049 378 2134 (cf.
393 2048 491 2116 Ohar.
515 2073 546 2138 p.
560 2049 633 2134 279,
647 2051 694 2116 16.
716 2049 826 2116 Diem.
841 2071 873 2137 p.
885 2048 958 2133 442,
972 2048 1028 2133 28)
1047 2049 1170 2115 dietum
1183 2061 1265 2114 'esse

169 2157 223 2240 (fr.
240 2158 316 2243 112)
336 2154 448 2224 uoluit.
1123 2169 1155 2178 ”
1212 2173 1215 2180 ·

266 2391 338 2456 Hae
360 2400 438 2456 sunt
457 2391 628 2480 relliquiae
653 2415 731 2480 quas
756 2393 968 2480 probabiliter
988 2393 1083 2458 libris
1104 2413 1264 2477 gramma-

166 2497 239 2563 ticis
260 2500 358 2566 tribui
381 2521 478 2586 posse
500 2501 650 2566 arbitror.
673 2523 770 2567 nemo
793 2503 880 2567 enim
902 2502 955 2566 hio
972 2491 1055 2566 talia
1069 2500 1266 2589 expectabit,

169 2608 277 2696 qualia
300 2608 429 2675 Gellius
461 2611 560 2676 habet
593 2611 677 2696 (IIII
701 2611 798 2695 16,1.
832 2613 873 2676 cf.
895 2613 984 2678 Don.
1005 2612 1040 2676 in
1061 2611 1136 2677 Ter.
1157 2611 1264 2676 heaut.

169 2717 245 2800 113,
256 2717 312 2802 46)
326 2718 510 2783 Varronem
540 2720 713 2806 genetiuos
733 2728 863 2786 sanctule
877 2728 994 2798 daetuts
1013 2728 1127 2786 domate
1150 2718 1268 2786 similia

167 2826 223 2890 nol
243 2825 292 2911 (V
307 2826 357 2908 21,
374 2827 410 2911 6)
443 2829 563 2893 formas
584 2835 688 2909 pluria
714 2837 746 2894 ct
767 2836 924 2910 conplorta
951 2829 1117 2914 probasse.
1162 2827 1268 2893 sciens

168 2935 266 2999 etiam
293 2943 330 2998 ut
360 2935 479 3001 Isidori
507 2937 551 3002 ita
584 2941 695 3003 omues
717 2937 852 3024 neglexi
874 2938 1017 3022 reliquas
1036 2933 1268 3024 etymologias,

167 3061 248 3130 quas
267 3043 339 3108 'huc
370 3043 536 3130 pertinere
568 3068 635 3110 non
664 3055 754 3111 certo
784 3043 962 3129 constabat,
993 3041 1100 3130 qualia
1128 3041 1205 3108 sunt'
1232 3055 1268 3108 ut

168 3149 280 3241 paucis
304 3151 463 3241 exemplis
494 3153 671 3242 defungar:
697 3161 902 3234 tremescat,
927 3161 1001 3237 qaae
1021 3151 1216 3222 resoluuntur
1240 3165 1268 3220 et

166 3283 200 3328 ae
221 3269 325 3328 celant
345 3261 455 3344 (Seru.
477 3261 512 3327 in
534 3264 619 3328 Aen.
641 3263 768 3349 1449),
800 3286 922 3334 amoena
951 3269 1037 3345 oaesi
1068 3273 1188 3328 armata
1215 3267 1268 3330 boe

167 3381 211 3437 est
229 3380 293 3437 aaa
309 3377 411 3450 fracta
430 3369 540 3457 (Seru.
554 3372 638 3436 Aen.
650 3372 701 3436 Vl
712 3373 783 3439 638.
806 3375 848 3438 of.
869 3374 952 3438 tbes.
974 3395 1049 3438 nou.
1066 3373 1126 3437 lat.
1147 3372 1181 3437 in
1200 3372 1266 3438 Mai

168 3477 263 3544 class.
295 3488 379 3544 auct.
401 3479 488 3545 VIII
519 3505 550 3568 p.
572 3481 605 3560 ὃ)
632 3487 712 3558 frent
739 3505 758 3546 o
785 3488 924 3559 fremere
950 3489 1021 3548 dtctt
1039 3479 1158 3564 (Seru.
1182 3480 1267 3545 Aen.

168 3587 258 3654 VIII
276 3587 364 3675 230),
384 3597 478 3656 buton
504 3595 599 3656 Varro
622 3598 665 3656 ott
684 3597 853 3672 aptificare
874 3590 1032 3658 medellae
1063 3601 1126 3658 aaa
1142 3595 1270 3669 ferulae

169 3721 255 3778 qaam
273 3707 374 3779 procel
394 3695 572 3780 ἀσφόδελον
593 3709 707 3777 uocant,
737 3709 765 3766 at
793 3708 838 3766 sie
866 3707 925 3767 dici
946 3707 1028 3780 apud
1058 3707 1113 3766 aas
1130 3707 1266 3778 melmae,

168 3813 413 3888 memmasce
433 3831 553 3890 moeros
575 3803 651 3870 οὐδὲ
674 3808 735 3890 γρῦ
761 3808 854 3891 (Isid.
878 3808 960 3895 erig.
983 3807 1017 3872 X
1040 3809 1069 3892 1,
1091 3809 1142 3877 85.
1164 3808 1266 3874 XVlI

168 3919 199 4002 9,
210 3918 275 4003 96).
298 3939 433 4004 prorsus
447 3929 618 4006 praeterea
633 3919 814 4008 contempsi
827 3919 1011 3984 testimonia
1026 3918 1144 3983 ficticia
1163 3928 1195 3982 et
1213 3927 1270 3983 aut

168 4029 381 4114 neglegentia
402 4029 461 4094 aut'
480 4039 614 4117 stupore
631 4029 822 4118 deprauata,
847 4048 984 4118 quorum
1001 4027 1167 4114 *quaedam
1187 4049 1269 4113 pro-

168 4138 458 4228 tulisaacnempla
477 4140 554 4204 satis
574 4139 625 4206 sit.
647 4148 684 4204 ut
705 4139 762 4204 uix
785 4137 937 4205 crederes
962 4139 1049 4225 apud
1068 4137 1213 4204 Nonium
1236 4158 1267 4202 u.

169 4248 316 4334 protinus
338 4273 370 4339 p.
384 4248 445 4312 376
468 4249 549 4313 haec
565 4256 613 4316 uel
629 4259 779 4329 protinam
801 4256 848 4316 uel
866 4257 1004 4330 protinas
1024 4255 1269 4314 continuationes

168 4363 217 4422 uel
232 4367 414 4438 praeteritae
435 4366 483 4426 uel
504 4365 625 4437 fuimus
652 4365 844 4440 loaqt'tudtnts
877 4357 990 4423 eadem
1012 4377 1084 4422 esse
1112 4377 1150 4420 ae
1176 4364 1270 4436 prett-
