3152 5142
824 453 864 512 38

294 655 389 720 quarn
420 633 460 698 N.
491 631 627 718 Maduig
657 635 758 720 praef.
783 632 851 699 Cic.
885 633 926 696 de
957 630 1046 696 finib.
1079 652 1111 716 p.
1128 629 1190 694 LX
1213 653 1243 693 n.
1279 651 1391 694 mense

293 742 452 828 Quinctili
475 743 630 828 scriptam
654 741 777 825 censet)
813 765 839 805 a.
870 764 902 805 u.
924 739 1127 807 DOCVIIII
1167 738 1312 820 iactatis,
1352 760 1387 803 se

294 850 419 916 nescire
454 848 542 936 quid,
575 847 673 913 immo
695 871 775 912 num
798 847 876 931 quid
900 845 1006 911 Varro
1032 847 1179 930 quamuis
1202 847 1388 913 iamdudum

293 958 327 1023 id
358 955 520 1046 pollicitus
556 953 597 1019 ad
627 976 661 1018 sc
690 953 864 1038 scriberet,
904 952 988 1018 nibil
1018 941 1189 1036 efficiatur,
1225 953 1289 1018 nisi
1321 963 1390 1018 tum

294 1069 339 1134 M.
362 1065 551 1132 Terentium
574 1086 654 1149 opus
683 1063 770 1148 quod
800 1063 970 1127 moliretur
1000 1062 1143 1126 nondum
1172 1062 1390 1128 transmisisse

296 1183 329 1240 ct
357 1174 436 1262 quid
466 1176 648 1242 elaboraret
675 1176 822 1260 tacuisse,
854 1199 920 1240 non
950 1185 1019 1240 erat
1049 1198 1106 1240 cur
1132 1175 1173 1242 Ο.
1195 1177 1336 1242 Mueller
1357 1201 1389 1267 p.

277 1282 337 1345 ·V.
354 1281 407 1347 VI
429 1280 601 1368 dubitaret,
633 1283 788 1348 maiorem
826 1283 933 1370 operis
966 1290 1090 1369 partem
1120 1283 1185 1346 iam
1217 1295 1285 1350 tum
1309 1287 1390 1352 Var-

295 1410 409 1455 ronem
431 1387 620 1469 absoluisse,
658 1387 714 1450 sed
745 1388 902 1470 consulto,
931 1397 967 1451 ut
996 1398 1083 1454 tanta
1114 1388 1272 1454 librorum
1302 1394 1388 1458 mole

296 1499 392 1562 simul
418 1497 606 1564 transmissa
633 1495 820 1582 inprudenti
845 1496 1035 1562 stimulatori
1059 1499 1208 1564 ruborem
1232 1499 1389 1586 adferret,

295 1606 467 1672 retinuisse
497 1615 529 1670 et
558 1605 687 1670 biennio
716 1607 865 1693 proximo
900 1611 941 1689 (a.
962 1631 992 1673 u.
1012 1606 1158 1674 DOOXI
1187 1630 1299 1674 mense
1322 1611 1390 1677 Dc-

297 1714 419 1779 cembri
460 1712 576 1780 Cicero
608 1724 741 1779 necatus
773 1721 836 1796 est)
871 1715 1022 1782 edidisse.
1070 1727 1101 1780 et
1131 1717 1285 1781 traditum
1319 1735 1390 1783 ease

296 1823 427 1890 uidetur
455 1824 557 1888 altera
590 1824 720 1888 demum
752 1824 827 1888 anni
852 1823 1028 1892 andex
1061 1835 1153 1913 parte
1182 1827 1237 1890 uel
1267 1837 1392 1915 postea,

297 1930 358 2000 nisi
381 1932 574 1999 Ciceronem
596 1932 710 1998 eadam
738 1956 800 2018 qua
823 1933 1007 1998 Varronem
1033 1934 1074 1999 ad
1101 1935 1312 2000 scribendum
1336 1958 1392 2002 ex-

299 2041 448 2106 citauerit
466 2040 659 2106 inmodestia
673 2041 713 2104 de
731 2062 829 2128 opere
846 2040 907 2106 sibi
923 2041 1022 2105 misso
1040 2041 1199 2106 iudicasse
1214 2040 1394 2125 existimes,

298 2150 351 2232 qui
368 2148 402 2213 in
413 2148 497 2223 libro
510 2147 613 2234 primo
638 2147 678 2212 de
700 2147 817 2234 gloria,
839 2168 950 2212 mense
963 2148 1121 2230 Quinctili
1133 2149 1209 2214 anni
1222 2172 1254 2213 u.
1266 2147 1394 2217 DOOX

299 2258 419 2343 scripto
445 2257 502 2340 (cl.
521 2257 560 2321 Ε.
582 2256 638 2322 W.
659 2256 796 2322 Fischer
828 2278 929 2322 roem.
959 2258 1080 2324 aeittaf.
1109 2281 1140 2344 p.
1152 2257 1239 2343 321),
1273 2260 1395 2348 oppida

299 2367 386 2454 quod
409 2388 504 2452 opem
528 2366 643 2431 darent
674 2388 745 2431 esse
770 2367 854 2432 dicta
878 2367 980 2452 (Fest.
1004 2391 1034 2454 p.
1047 2367 1108 2434 202
1132 2367 1322 2455 Oppidum)
1335 2393 1393 2457 po·

298 2476 371 2560 suit,
390 2485 520 2544 adiciens
540 2489 573 2542 at
593 2487 721 2542 imitetur
734 2486 827 2557 tacpt'
873 2481 1009 2558 (laertius
1022 2477 1090 2542 sch.
1104 2477 1213 2560 Laeti)
1228 2472 1394 2546 stoicorum.

299 2585 354 2668 (cf.
379 2586 419 2650 de
441 2586 463 2652 l.
485 2585 549 2651 l.V
565 2587 622 2650 131
637 2610 667 2672 p.
679 2585 763 2671 143).
789 2585 898 2651 Eiam
919 2586 959 2651 de
981 2586 1127 2671 ‘ingente
1151 2589 1257 2674 opere'
1283 2580 1393 2674 paullo

298 2695 449 2761 aliterue
471 2695 612 2762 Mueller
633 2695 759 2782 putauit
783 2695 989 2762 statuendum
1019 2704 1078 2764 cst.
1112 2719 1188 2760 nam
1219 2695 1394 2761 sitantum

299 2805 465 2891 temporis,
496 2827 592 2890 quam
612 2805 669 2870 ille
692 2826 766 2869 eum
788 2805 822 2869 in
845 2805 908 2870 hoc
930 2805 1107 2870 collocasse
1131 2805 1246 2890 uoluit,
1275 2805 1309 2870 in
1331 2805 1395 2872 sin-

298 2914 385 3001 gulis
407 2914 560 3002 operibus
583 2914 846 3000 consumpsisset,
879 2915 937 2980 uix
967 2915 1134 2988 dimidiam
1164 2926 1292 3003 partem
1316 2938 1394 3003 quo-

300 3027 395 3112 modo
417 3025 592 3114 perfecerit
613 3026 782 3110 librorum,
807 3048 887 3111 quos
912 3048 986 3091 eum
1010 3025 1150 3090 edidisse
1183 3025 1224 3092 O.
1244 3025 1396 3090 Muelleri

299 3144 446 3221 tempore
469 3134 574 3199 miuus
596 3156 692 3218 qnam
714 3157 800 3198 nunc
821 3133 996 3215 constabat,
1028 3132 1087 3196 uix
1106 3141 1156 3197 est
1175 3132 1394 3220 perspicuum.

300 3243 394 3308 huius
414 3252 523 3308 autom
547 3243 654 3329 operis
678 3243 805 3308 indoles
828 3242 976 3329 profecto
998 3259 1065 3306 non
1098 3263 1135 3306 ea
1170 3251 1227 3326 est,
1260 3251 1295 3306 ut
1322 3242 1397 3327 plus

299 3353 419 3418 laboris
442 3376 539 3440 quam
562 3353 706 3419 eliasibi
730 3353 912 3418 uindicasse
942 3352 1168 3416 concedamus.
1203 3371 1284 3438 quae
1309 3351 1396 3416 enim

300 3463 411 3548 graeci
444 3463 630 3551 philosophi
662 3473 694 3526 ct
725 3463 928 3549 grammatici
963 3462 1003 3527 de
1036 3483 1155 3548 graeca
1191 3461 1397 3526 elaborarent

299 3572 412 3656 lingna
435 3571 469 3636 in
495 3572 628 3636 latinam
658 3571 829 3655 transtulit,
863 3593 1000 3658 quorum
1028 3570 1168 3657 uestigia
1201 3590 1297 3657 quam
1327 3579 1396 3636 arte

301 3690 454 3766 sequatur
473 3682 526 3746 uel
549 3704 591 3746 ex
614 3702 718 3768 paene
743 3681 859 3769 puerili
883 3681 978 3746 modo
1001 3689 1114 3746 contra
1142 3702 1201 3768 pro
1227 3678 1269 3743 de
1298 3678 1398 3746 rebus

301 3790 486 3879 disputandi
508 3791 652 3878 adparet.
691 3791 892 3877 singularum
932 3810 1041 3856 rerum
1075 3799 1183 3854 autem
1216 3789 1397 3877 permultae

301 3903 484 3968 tritissimae
518 3903 547 3968 ei
576 3914 679 3988 erant,
712 3904 790 3968 alias
824 3926 865 3968 ex
897 3904 1142 3970 collectionibus
1172 3928 1237 3969 nan
1264 3902 1306 3968 ad
1336 3905 1396 3970 has

301 4022 424 4078 tautum
442 4013 543 4078 libros
561 4012 811 4078 conscribendos
836 4013 993 4084 confectis
1012 4014 1129 4097 hausit,
1153 4023 1190 4078 ut
1204 4022 1307 4078 totum
1326 4015 1396 4078 sere

301 4122 420 4187 librum
443 4122 615 4209 septimum
639 4145 680 4186 ex
704 4122 844 4205 schedis,
866 4123 900 4186 in
921 4123 1037 4206 quibus
1060 4133 1230 4212 poetarum
1246 4119 1396 4206 γλώσσας

302 4230 493 4316 conlegerat
518 4231 572 4314 (cf.
602 4229 642 4297 Ο.
668 4230 808 4296 Mueller
837 4231 938 4318 praef.
963 4257 994 4319 p.
1006 4233 1066 4297 XI.
1107 4231 1232 4298 Ritschl
1258 4253 1399 4318 parcrga

300 4337 648 4424 plaut.1p.tt.180),
681 4339 758 4404 alias
782 4362 824 4404 ex
846 4340 939 4406 libris
962 4341 1001 4404 ob
1025 4339 1096 4428 ipso
1129 4339 1222 4404 editis
1254 4339 1398 4426 repetiit,
