3152 5142
699 479 735 536 61

169 667 217 724 661
241 642 358 722 6116116.
402 658 553 746 Ephorus
578 679 707 744 quoqne
731 657 882 725 Isocratis
914 660 1093 748 discipulus
1123 663 1158 727 in
1183 662 1267 728 libro

168 765 242 845 napi
263 767 375 841 λέξεως
397 769 453 851 (61.
474 757 566 835 Theo
589 791 764 856 progymn.
787 767 822 833 Π
843 791 874 858 p.
888 771 939 855 71,
953 768 1064 856 aasp.
1098 771 1169 838 Oia.
1189 775 1268 836 crat.

171 877 220 954 57,
242 875 312 940 172.
341 877 392 959 57,
410 877 480 942 191.
508 875 557 958 64,
577 879 652 957 218)
683 879 724 942 de
747 877 900 962 rhythmo
926 881 1065 946 oratorio
1087 880 1269 965 eodemque

170 985 242 1050 loeo
265 985 306 1050 de
328 993 463 1051 accentu
486 997 564 1075 puto
589 988 668 1074 egit.
702 987 894 1074 paucissima
917 989 957 1054 de
979 989 1196 1075 grammaticis
1221 988 1269 1053 di·

171 1092 275 1158 cenda
298 1102 380 1158 sunt.
403 1094 443 1158 de
456 1095 671 1160 Hermocrate
681 1096 767 1162 Iasio
790 1096 874 1162 nihil
894 1107 1086 1184 conpertum
1109 1097 1170 1164 nisi
1192 1119 1267 1163 eum

172 1201 366 1268 Callimachi
397 1205 590 1290 magistrum
619 1206 719 1271 fuisso
751 1203 857 1287 (Suid.
883 1207 1094 1287 Καλλίμαχος
1119 1209 1159 1274 cf.
1185 1208 1266 1274 Mar.

168 1311 255 1378 Vict.
277 1315 296 1380 Ι
315 1313 346 1397 4,
367 1315 407 1379 86
429 1336 460 1401 p.
473 1313 555 1379 2468
567 1315 621 1402 Ρ),
652 1313 885 1382 Eratosthenes
912 1315 1103 1404 Cyrenaeus
1124 1318 1159 1384 in
1183 1318 1267 1384 libro

124 1433 126 1438 ’
168 1423 293 1488 musico
316 1423 371 1486 uel
393 1423 621 1489 mathematico
638 1423 693 1507 (cf.
709 1422 751 1491 G.
765 1425 962 1510 Bernhardy
974 1425 1136 1496 Eratosth.
1154 1425 1269 1514 plot)

170 1553 262 1598 suam
295 1532 336 1597 de
368 1533 455 1598 flexo
492 1543 629 1598 accentu
663 1535 857 1600 sententiam
890 1536 1052 1622 exposuit,
1084 1535 1267 1622 Dionysius

170 1641 282 1707 Thrax
305 1642 345 1706 de
366 1643 470 1708 tribus
494 1642 682 1708 accentibus
703 1643 894 1729 uolgaribus
914 1644 949 1710 in
970 1655 1038 1710 arte
1055 1647 1267 1733 grammatica
1355 1716 1358 1722 ,

173 1751 322 1829 (Beklrer
345 1753 457 1819 anecd.
482 1773 532 1838 gr.
555 1751 591 1817 H
612 1773 644 1838 p.
664 1751 725 1817 629
745 1754 806 1839 sq.)
836 1752 930 1835 dixit,
951 1754 1165 1819 Ammonium
1188 1755 1269 1820 Alo·

169 1861 366 1926 xandrinum
390 1862 634 1927 obseruationes
656 1861 696 1926 de
726 1863 822 1927 rebus
845 1862 1047 1950 prosodiacis
1071 1863 1187 1930 fecisse
1209 1864 1269 1931 sci-

170 1991 242 2034 mus
266 1969 386 2054 (Beklr.
408 1971 429 2037 l.
454 1971 475 2037 l.
498 1972 516 2036 I
538 1995 569 2059 p.
581 1972 653 2036 470.
678 1970 730 2037 lll
745 1993 776 2058 p.
791 1970 895 2052 1006).
917 1980 1041 2038 restant
1061 1973 1267 2065 peripatetici

171 2079 406 2146 Athenodorus
428 2088 461 2145 et
474 2079 728 2168 Theophrastus,
754 2103 892 2168 qnorum
913 2082 1052 2147 alterum
1077 2101 1272 2170 quamquam

172 2190 290 2255 summi
311 2190 466 2256 acuminis
487 2190 596 2255 uirum
617 2213 752 2274 usquam
772 2201 986 2256 memoratum
996 2194 1019 2272 ¹)
1039 2213 1107 2258 non
1128 2191 1272 2276 inuenio,

175 2300 359 2365 alternum
380 2300 420 2364 de
443 2300 552 2365 media
573 2299 727 2388 prosodia
748 2301 783 2365 in
804 2301 888 2366 libro
914 2298 988 2381 napi
1008 2302 1120 2382 τεχνῆς
1147 2285 1273 2384 §propr-

174 2409 231 2488 κῆς
252 2409 307 2472 uel
328 2407 403 2490 περὶ
424 2410 536 2483 λέξεως
560 2408 717 2495 (611161.
732 2408 885 2476 Schmidt
909 2409 1128 2497 deTheophr.
1150 2409 1271 2494 rhet.²)

173 2539 205 2606 p.
225 2519 264 2584 37
286 2515 333 2606 sq.
379 2520 422 2585 Η.
442 2519 572 2590 ,Vsener
605 2521 688 2586 anal.
710 2519 875 2607 Theophr.
907 2541 939 2606 p.
959 2520 1014 2601 20)
1047 2542 1088 2584 an
1115 2517 1151 2584 in
1180 2518 1272 2584 libris

176 2629 250 2712 περὶ
268 2633 424 2712 μουσικῆς
445 2632 573 2698 locutus
596 2630 638 2695 611
649 2631 808 2695 incertum
823 2639 882 2715 est,
904 2651 946 2696 ex
969 2629 1021 2695 his
1041 2651 1130 2694 uero·
1143 2637 1273 2693 tanturn

174 2763 240 2808 non
263 2742 370 2807 omnia
396 2741 436 2807 de
458 2741 589 2806 musicis
614 2739 745 2826 organis
771 2749 802 2804 et
824 2763 978 2805 sonorum
1000 2739 1178 2805 rationibus
1191 2738 1274 2803 Var·
1360 2759 1363 2766 ⁴

176 2873 290 2916 ronem
313 2861 493 2916 mutuatum
515 2873 586 2918 6666
607 2849 782 2916 admodum
804 2849 996 2915 uerisimile
1013 2858 1071 2914 est.
1094 2847 1147 2914 his
1172 2848 1274 2913 adnu-

177 2981 303 3026 merare
325 2961 401 3025 licet
424 2942 669 3044 Aristoxenum,
691 2982 788 3046 quern
810 2960 845 3024 in
866 2959 1089 3046 superioribus
1110 2959 1274 3023 interdum

176 3077 294 3136 testem
316 3071 525 3159 protulimus;
556 3092 750 3157 quamquam
775 3069 861 3134 enim
884 3068 1128 3155 Theophrastus
1149 3067 1184 3133 in
1206 3089 1274 3132 mu-

177 3181 253 3245 sicis
275 3181 372 3246 rebus
392 3180 431 3245 ab
454 3182 580 3246 aemulo
601 3203 659 3246 suo
681 3200 801 3266 magno
821 3201 888 3244 non
907 3179 953 3244 ita
966 3179 1065 3268 longe
1086 3173 1274 3243 discessisse

177 3288 309 3354 uidetur
330 3291 387 3372 (ci.
407 3289 553 3356 Ariston.
577 3313 626 3378 ap.
646 3290 763 3356 Boeth.
785 3290 826 3355 de
848 3313 928 3355 mus.
941 3289 1007 3354 V3
1028 3313 1058 3377 p.
1074 3289 1154 3354 1288
1167 3288 1274 3373 Mign.
1356 3327 1357 3330 =

176 3397 343 3486 Theophr.
367 3423 419 3487 ap.
441 3399 603 3489 Porphyr.
632 3400 698 3466 11.
720 3425 752 3489 p.
773 3401 834 3465 241
863 3396 938 3485 sd),
960 3399 1066 3464 Varro
1085 3397 1152 3464 sine
1176 3397 1275 3463 dubio

179 3507 322 3574 omnium
334 3511 530 3576 musicorum
541 3511 722 3600 principem
733 3534 799 3576 non
811 3509 969 3596 neglexit,
982 3509 1072 3574 cuius
1083 3509 1184 3574 libros
1202 3527 1276 3571 eum

181 3693 378 3702 ———--—

277 3803 304 3872 1)
323 3802 343 3856 1.
362 3802 396 3856 Α.
415 3802 560 3857 Fabricius
577 3803 643 3856 bibl.
664 3821 705 3872 gr.
721 3803 761 3856 111
779 3821 807 3872 p.
816 3801 869 3858 472
889 3819 975 3856 unum
990 3800 1100 3870 profert
1116 3797 1278 3857 Athenodo-

180 3915 239 3952 rum
259 3899 337 3954 ouius
355 3894 519 3972 περιπάτους
536 3899 663 3954 Laertius
681 3900 820 3970 Diogenes
838 3904 881 3955 ter
900 3903 1032 3968 quaterue
1051 3899 1187 3952 adhibuit.
1253 3939 1255 3948 .

278 3999 304 4066 2)
323 3997 439 4051 Frustra
455 3998 612 4068 fragmenta
631 3998 772 4052 rhetorica
790 3998 914 4066 exceptis
933 4000 1065 4065 quattuor
1090 4012 1124 4048 ex
1140 3992 1277 4047 Demetrii

180 4085 240 4166 sept
265 4095 408 4174 ἑρμηνείας
430 4098 468 4164 (p.
486 4095 549 4163 191)
572 4095 680 4163 quaeris
704 4095 734 4148 in
759 4096 979 4162 fragmentorum
1005 4091 1276 4161 Theophrasteorum

180 4193 363 4258 comestione,
383 4209 465 4260 quam
486 4209 574 4262 nuper
593 4193 680 4246 edidit
698 4193 729 4246 F.
741 4192 884 4257 Wimmcr,
913 4191 960 4258 qui
980 4195 1144 4258 quamquam
1162 4187 1279 4242 aliorum
1341 4221 1343 4226 -

177 4288 305 4342 ¹sollertia
323 4305 352 4342 66
371 4289 494 4343 fructum
512 4306 572 4343 esse
590 4289 742 4359 praedicat,
761 4306 798 4342 nc
816 4286 954 4342 Schmidti
975 4285 1087 4357 quidem
1103 4281 1205 4346 librum
1222 4285 1234 4337 l
1257 4301 1278 4339 6.

183 4384 200 4437 l.
217 4387 304 4440 nouit.
