3140 5148
822 452 881 511 loo

304 629 394 716 sapui
417 629 472 694 uel
500 629 614 715 sapiui,
650 628 759 716 Aspro
789 627 894 715 sapiui
916 633 950 690 et
970 626 1050 713 sapii
1075 626 1257 696 secundum
1278 625 1398 691 Varro·

301 759 388 823 nem,
412 736 501 823 quod
522 736 701 803 Diomedes
727 736 823 802 etiam
845 736 1013 825 approbat.

805 985 893 1056 XIII

264 1184 303 1245 28
370 1162 373 1170 ’
403 1179 492 1246 Puer
514 1188 547 1246 et
566 1179 602 1246 in
622 1179 778 1246 feminino
799 1201 881 1246 sexu
901 1179 1025 1267 antiqui
1047 1178 1209 1263 dicebaut,
1232 1186 1267 1243 ut
1285 1178 1399 1264 graeci

302 1285 320 1354 ὁ
344 1294 419 1362 παῖς
442 1287 497 1354 καί
520 1285 538 1369 ἦ
561 1295 647 1373 παῖς,
668 1299 705 1354 ut
728 1289 763 1358 in
778 1288 931 1375 ,Odyssia
960 1299 1092 1364 uetere,
1123 1288 1210 1376 quod
1242 1297 1291 1357 est
1319 1288 1427 1364 auti-,5

303 1399 495 1484 quissimum
515 1420 665 1464 carmen:
689 1400 771 1463 ‘mea
792 1419 885 1484 puer,
910 1397 987 1483 quid
1008 1398 1102 1464 ucrbi
1125 1419 1167 1464 ex
1188 1406 1243 1462 tuo
1264 1417 1321 1476 oro
1342 1421 1397 1467 au·

303 1507 395 1572 dio'?
417 1517 450 1573 et
472 1508 507 1572 in
528 1507 625 1574 Nelei
648 1507 789 1573 carmine
812 1529 915 1594 aeque
937 1509 1062 1595 prisco:
1085 1506 1205 1572 ‘saucia
1227 1527 1310 1595 puer
1330 1507 1398 1573 filia

302 1619 435 1682 sumam’
458 1617 514 1682 ubi
537 1626 645 1686 tamon
663 1617 784 1700 Varro,
804 1639 876 1682 cum
894 1618 926 1682 A
947 1635 1050 1704 puera
1072 1624 1164 1704 putat
1189 1616 1321 1700 dictum,
1340 1617 1398 1682 sed

302 1727 418 1792 Aelius
439 1723 524 1793 Stilo
547 1725 703 1813 magister
724 1726 793 1795 eius
817 1735 850 1790 ct
873 1725 1008 1791 Asinius
1031 1734 1154 1792 contra.
1284 1713 1287 1718 ¹

400 1910 444 1964 28.
466 1909 545 1963 Char.
563 1908 687 1979 p.84,5:
706 1909 799 1963 Puer
818 1913 853 1964 at
873 1910 906 1964 in
987 1910 1138 1965 Asinius
1156 1914 1288 1964 contra.
1308 1911 1396 1966 Prisc.

301 1979 339 2035 VI
353 1981 385 2033 41
406 2000 425 2051 p
445 1981 507 2048 230,
520 1980 569 2035 27:
588 1981 664 2035 Haeo
682 1981 766 2035 etiam
787 1984 886 2036 contra
903 1982 1040 2037 rationem
1060 1998 1143 2051 supra
1161 1980 1299 2035 dictarum
1316 1999 1398 2054 regu·

301 2051 391 2106 larum
410 2052 600 2107 declinantur:
619 2069 687 2121 puer
705 2053 793 2122 pueri,
811 2053 888 2107 cuius
907 2053 1070 2108 femininum
1088 2070 1175 2122 puera
1185 2053 1316 2108 dicebant
1327 2053 1397 2108 anti·

303 2122 435 2192 quissimi‚
460 2123 581 2177 undeet
604 2141 741 2193 puerpera
760 2124 871 2192 dicitur,
896 2141 966 2195 quae
987 2142 1103 2194 puerum
1128 2123 1174 2179 uel
1190 2125 1306 2194 pueram
1323 2123 1399 2196 parit

302 2193 394 2249 idest
414 2193 544 2264 puellam,
574 2195 647 2262 quod
668 2200 711 2248 est
729 2195 923 2249 diminutiuum
940 2214 1042 2266 pucrae
1061 2201 1093 2249 ut
1112 2213 1196 2264 capra
1215 2195 1329 2266 capella,
1357 2199 1406 2250 te·.

302 2282 370 2319 nera
388 2267 499 2334 tenella,
518 2266 616 2320 umbra
634 2266 764 2320 umbella.
802 2264 916 2323 Ouidius
935 2269 1020 2321 etiam
1039 2268 1093 2322 hoc
1113 2268 1251 2337 approbat
1270 2268 1317 2336 qui
1335 2267 1400 2321 inv

302 2338 563 2407 metamorphoseon
582 2337 655 2406 (400)
680 2337 714 2392 de
738 2338 831 2408 puella
848 2335 1016 2408 Proserpina
1037 2354 1152 2392 narrans
1172 2339 1241 2393 dicit
1258 2341 1398 2407 ‘tantaque

302 2407 1400 2536 211112211111221121111112112111211111

302 2551 386 2606 etiam
405 2523 553 2606 Suetonius
574 2553 619 2618 (fr.
630 2499 781 2624 199pliaiff.)
799 2551 924 2606 diuersos
942 2499 1048 2623 poneris
1067 2570 1133 2606 usus
1151 2553 1182 2606 in
1200 2553 1273 2608 libro
1288 2501 1335 2622 <iii
1355 2555 1398 2606 est

232 2673 236 2686 ,
301 2621 336 2676 de
354 2623 530 2677 institutione
550 2621 711 2677 officiorum.
730 2623 826 2678 Liuius
845 2623 874 2676 in
886 2623 1013 2692 Odyssia:
1038 2625 1107 2677 ‘mea
1128 2641 1215 2693 puers
1235 2624 1302 2693 quid
1317 2623 1398 2679 uerbi

302 2711 336 2748 ex
354 2699 403 2748 luo
425 2712 471 2749 ore
491 2711 591 2765 supera
608 2695 658 2764 (sic
677 2699 865 2750 Fleckeiscaus
882 2713 967 2765 supra
988 2699 1063 2762 libri)
1081 2695 1182 2766 fugit’?
1219 2695 1292 2750 idem
1315 2694 1396 2749 alibi:

301 2767 308 2794 ‘
328 2783 457 2820 aerarum
476 2766 602 2821 manibus
624 2766 789 2821 confectum'
800 2766 1003 2836 pulcherrime’.
1024 2784 1081 2820 non
1099 2771 1142 2820 est
1158 2772 1253 2820 tamen
1269 2767 1398 2837 ignoran-

320 2855 376 2904 urn,
395 2838 470 2906 quod
490 2837 575 2890 etiam
592 2837 637 2890 hio
655 2853 758 2906 puerus
777 2843 807 2892 et
824 2838 870 2892 hio
888 2839 1004 2892 ethaeo
1022 2839 1092 2907 puer
1104 2838 1287 2895 uetustissimi
1301 2842 1398 2907 protu-

300 2908 365 2962 lisse
383 2909 563 2962 inueniuntur
581 2912 609 2961 ct
627 2909 736 2977 puellus
757 2909 856 2978 puella.
887 2908 1010 2963 Lucilius
1028 2910 1057 2962 in
1074 2909 1124 2962 Xl:
1153 2910 1227 2964 ‘inde
1244 2910 1324 2966 uenit
1341 2909 1396 2962 Ro·

300 2997 374 3033 mam
392 2983 473 3034 tener
489 2980 549 3049 ipsc
567 2979 652 3033 ctiam
671 2984 753 3048 atquc
771 2979 898 3052 puellus’.
925 2981 1059 3034 Caecilius
1077 2981 1106 3034 iu
1124 2980 1238 3035 Imbris:
1267 2984 1327 3050 ‘age
1346 2997 1399 3049 ago

299 3052 317 3118 i,
338 3069 432 3122 puero,
460 3051 514 3105 duc
534 3068 577 3105 me
595 3051 757 3120 ad'patrios
774 3051 843 3106 lines
869 3052 1030 3106 decoratum
1051 3052 1181 3122 opipare'.
1217 3049 1348 3120 Afranius
1367 3051 1398 3104 in

299 3123 442 3177 incendio:
462 3125 488 3176 ‘o
509 3140 597 3192 puero
614 3139 709 3191 puers,
729 3123 789 3178 siue
806 3123 966 3192 prospicere
984 3139 1028 3176 mo
1048 3123 1132 3178 mihi'.
1150 3123 1263 3178 Plautus
1279 3124 1309 3176 in
1321 3123 1399 3176 leno·

300 3195 384 3250 nibus
402 3193 533 3263 geminis:
561 3193 648 3248 ‘dolet
669 3193 714 3250 hio
740 3196 849 3264 puellus
874 3211 934 3250 sese
953 3212 1055 3250 uanum
1077 3193 1190 3249 ducier'.
1226 3193 1349 3250 Lucilius
1368 3193 1398 3247 in

300 3265 366 3318 llll:
387 3267 512 3334 ‘cumque
531 3264 578 3318 hic
597 3269 656 3318 tam
674 3263 810 3320 formosus
829 3265 912 3318 homo
932 3283 963 3321 ac
983 3270 1011 3320 te
1031 3265 1131 3336 dignus
1153 3267 1277 3334 puellus’.
1297 3264 1396 3330 Liuius

300 3336 329 3389 in
351 3336 477 3408 Odyssia:
508 3339 614 3390 ‘sanata
637 3353 707 3406 puer
736 3335 850 3392 Saturni
876 3335 933 3390 filia
962 3336 1069 3408 regina'
1103 3337 1164 3410 (qao
1191 3341 1223 3392 dc
1253 3357 1333 3392 uersa
1364 3343 1399 3405 cf.

402 3514 490 3572 luel
512 3515 608 3592 sapiri
629 3534 647 3574 r
667 3515 717 3573 uel
738 3515 814 3592 sapii
834 3517 865 3576 R
877 3517 892 3586 11
913 3513 1027 3591 Aspero
1045 3514 1100 3584 111
1120 3518 1152 3572 at
1168 3511 1259 3591 sapii]
1283 3513 1332 3575 uel
1353 3533 1399 3572 saq

299 3597 343 3674 pii
366 3616 384 3656 r
405 3599 454 3656 uel
475 3601 561 3676 sapui
583 3600 603 3657 d
624 3601 743 3676 assapui
764 3598 854 3668 11112
871 3599 1012 3657 dionides
1035 3597 1129 3658 GLK
1138 3593 1152 3676 11
1168 3597 1314 3675 adprobat
1334 3598 1366 3656 B
1379 3593 1397 3671 ΙΙ

300 3683 318 3740 5
339 3685 440 3740 uetere
467 3683 559 3742 deleri
583 3684 694 3742 mauolt
716 3683 781 3744 Otto
801 3685 881 3743 laha
894 3684 942 3754 116
965 3700 1100 3742 amiseras
1119 3685 1268 3743 saturnios
1289 3684 1332 3741 ito
1352 3699 1398 3742 re·

298 3769 415 3826 aoccaa't
435 3767 572 3826 Kailios:
604 3767 669 3826 met
699 3787 774 3845 puer
801 3765 921 3842 (rectius
944 3769 1051 3840 opinor
1071 3766 1139 3844 por)
1163 3766 1234 3846 quid
1256 3765 1340 3824 uerbi
1362 3766 1399 3824 ix

298 3854 353 3907 tuo
374 3851 424 3908 ore
444 3850 544 3910 audivi
557 3851 605 3919 117
627 3852 702 3932 nelei
724 3853 761 3912 N
777 3851 901 3910 menelai
930 3854 1013 3909 octus
1041 3852 1130 3911 codes
1154 3850 1292 3910 Merulae
1313 3850 1399 3909 mast

299 3951 368 3994 anst.
385 3934 426 4006 fr.
447 3936 710 4009 psallamus
731 3955 824 4012 acque
844 3937 943 4012 prisco
964 3937 999 3994 ci.
1021 3935 1139 3995 Kailios
1157 3934 1284 3992 carmine
1306 3951 1400 4012 esque

298 4020 395 4104 prisco
417 4020 454 4079 N
480 4021 606 4080 carmine
631 4039 724 4100 eoque
748 4021 859 4098 prisco:
890 4019 988 4078 saucia
1011 4017 1166 4084 Patsohios
1197 4018 1340 4090 carmine:
1364 4037 1400 4076 aa

200 4135 251 4174 s·
268 4109 282 4122 ''
299 4103 374 4179 quae'
394 4103 504 4180 petisso
526 4104 633 4176 saucia,
658 4105 833 4183 puerafflia
855 4106 966 4161 simam
979 4104 1014 4163 oi.
1037 4101 1260 4164 Liodcmonaaa
1271 4101 1399 4160 carmine

299 4205 333 4244 eo
354 4206 472 4264 quoquo
485 4188 591 4265 priseo
613 4191 648 4249 ci.
670 4189 941 4263 Ribbcola'as‘troq.
964 4187 1088 4247 latsrel.
1111 4191 1221 4262 praa
1241 4186 1297 4255 118
1321 4206 1399 4245 snm*

298 4289 375 4329 mam
389 4287 413 4322 ω
433 4269 583 4330 Summani
597 4274 795 4332 'Burmannus
815 4273 895 4332 elan.
918 4273 1009 4331 doctr.
1023 4274 1106 4330 matr.
1122 4292 1154 4346 p.
1167 4275 1228 4332 639
1246 4269 1398 4328 'Salmonei

300 4356 334 4418 0.
348 4357 478 4415 Mueller
484 4358 583 4432 suppl.
592 4359 675 4418 Festi
682 4376 715 4432 p.
728 4359 792 4419 388
805 4358 821 4429 ll
836 4359 853 4416 9
877 4355 980 4415 Aelius
989 4353 1063 4415 Stilo
1076 4355 1245 4416 w'sadilius
1257 4356 1313 4414 eilo
1325 4357 1361 4417 N
1377 4351 1398 4428 11
