3126 5146
842 477 900 536 142

320 649 398 734 quid
424 650 478 724 ue]
510 648 648 715 sentitur
679 649 735 714 uel
755 647 959 734 intellegitur
985 647 1040 712 uel
1070 647 1159 713 latet.
1208 649 1338 734 signum
1366 656 1415 712 est

321 756 408 845 quod
432 765 465 821 ct
486 778 521 822 se
542 757 650 844 ipsum
672 755 781 823 sensui
803 764 835 820 ct
848 762 980 843 praeter
994 775 1029 821 sc
1042 754 1165 840 aliquid
1184 755 1292 822 animo
1309 763 1415 821 osten-

320 865 375 932 dit.
396 865 487 954 loqui
500 874 549 930 cst
563 865 732 932 articulata
744 887 823 931 uoce
838 865 968 951 signum
985 863 1073 930 dare.
1092 865 1294 936 articulatam
1306 873 1413 931 autem

319 975 392 1041 dico
407 996 489 1061 quae
501 975 733 1063 comprehendi
755 973 873 1040 litteris
892 982 1009 1062 potest.
1029 977 1034 1054 l
1054 995 1149 1040 omne
1163 974 1299 1040 uerbum
1312 983 1413 1042 sonat.

320 1106 394 1149 cum
417 1084 505 1150 enim
532 1093 582 1148 est
610 1083 645 1148 in
673 1082 795 1170 scripto
824 1106 889 1150 non
913 1083 1051 1149 uerbum
1079 1083 1138 1149 sed
1167 1083 1261 1149 uerbi
1284 1084 1450 1170 signum5

322 1202 380 1258 est.
401 1191 406 1273 Ι
433 1191 494 1282 sed
513 1191 600 1286 quoti
622 1201 719 1286 sonat
736 1191 822 1285 nihil
838 1191 882 1261 ud
903 1191 1117 1262 dialecticam.
1143 1191 1201 1287 'de
1224 1213 1303 1263 unito
1329 1193 1415 1258 enim

318 1300 413 1367 uerbi
436 1301 555 1387 agitur,
589 1324 662 1366 cum
696 1301 861 1387 quaeritur
891 1303 947 1367 uel
980 1300 1249 1368 animaduertitur
1277 1301 1417 1390 qualiter

318 1411 482 1476 uocalium
494 1411 550 1476 uel
565 1410 777 1497 dispositione
793 1410 933 1479 leniatur
946 1411 1002 1476 uel
1022 1410 1238 1477 concursione
1260 1409 1416 1495 dehiscat,

319 1521 399 1585 item
428 1520 676 1586 consonantium
699 1520 754 1586 uel
776 1519 1025 1608 interpositione
1053 1521 1193 1586 nodetur
1215 1521 1270 1588 ucl
1297 1541 1416 1607 conge·

319 1625 422 1694 stione
434 1638 603 1717 asperetur
615 1638 647 1694 et
660 1637 739 1720 quot
749 1630 805 1695 uel
817 1625 964 1716 qualibus
977 1627 1111 1716 syllabis
1124 1638 1260 1712 constet,
1272 1630 1328 1695 ubi
1340 1650 1416 1720 poe·
1436 1637 1470 1693 10

317 1727 401 1807 ticus
423 1739 596 1826 rhythmus
618 1747 838 1824 occentusque
854 1763 872 1804 a
890 1739 1110 1826 grammaticis
1127 1741 1269 1805 solarum
1289 1739 1416 1804 aurium

316 1855 494 1914 tractantur
507 1849 650 1934 negotia.
674 1857 828 1914 ettamen
849 1869 922 1914 oum
944 1849 985 1914 de
1007 1848 1059 1914 his
1082 1849 1268 1939 disputatur
1286 1858 1416 1940 praeter

318 1958 522 2024 dialecticam
536 1981 602 2024 non
624 1967 682 2025 est.
704 1959 786 2024 haec
807 1959 894 2024 enim
915 1959 1052 2025 scientia
1074 1957 1261 2048 disputandi
1273 1969 1330 2025 est.
1356 1958 1415 2025 sed

317 2149 388 2206 haec
405 2148 499 2206 omnia
515 2165 585 2217 quae
607 2147 721 2205 delinita
741 2152 815 2211 sm,
838 2151 933 2204 utrum
957 2152 1035 2204 recta
1058 2147 1176 2205 definita
1192 2149 1250 2204 sint
1273 2153 1303 2206 et
1320 2153 1414 2206 utrum

315 2219 451 2276 hactenus
477 2221 565 2274 uerba
582 2217 751 2275 definitionis
774 2219 836 2274 aliis
861 2219 1069 2276 delinitionibus
1093 2221 1285 2290 persequenda
1301 2221 1414 2286 fusam,

317 2289 364 2346 ilie
382 2287 522 2346 indicabit
537 2292 624 2356 locus,
650 2307 704 2360 quo
731 2289 882 2346 definiendi
900 2287 1048 2362 disciplina
1065 2295 1212 2347 tractatur.
1247 2311 1321 2348 nunc
1339 2291 1414 2362 quod

316 2362 404 2416 instat
431 2362 526 2486 accipe
546 2361 679 2416 intentus.
720 2379 818 2415 omne
837 2363 984 2416 uerbum
1063 2361 1282 2434 signumest.
1311 2365 1413 2450 quippe

317 2431 478 2504 inspectisa
496 2437 606 2503 ‘egente
624 2431 727 2486 litteris
741 2433 865 2488 occurrit
882 2431 974 2488 animo
993 2434 1059 2504 quid
1071 2452 1141 2490 uoce
1153 2439 1324 2505 prorumpat.
1348 2433 1414 2504 quid

317 2507 391 2560 enim
412 2505 488 2560 aliud
505 2505 617 2559 litterae
636 2504 757 2574 scriptae
775 2521 857 2574 quam
875 2521 905 2558 se
922 2506 997 2575 ipsas
1017 2507 1115 2572 oeulis,
1140 2511 1253 2576 praeter
1276 2523 1306 2561 sa
1328 2520 1413 2562 uoces

315 2579 408 2631 anime
433 2575 606 2632 ostendunt?
624 2580 654 2630 et
671 2577 755 2644 paulo
774 2579 841 2630 aute
857 2577 975 2631 diximus
995 2577 1105 2647 signum
1124 2595 1184 2632 esse
1196 2578 1413 2648 quodseipsum

315 2648 409 2704 sensui
426 2652 455 2704 et
471 2651 583 2718 praeter
602 2647 746 2716 sealiquid
765 2648 859 2704 auimo
877 2648 1010 2704 ostendit.
1028 2666 1099 2718 quaa
1118 2649 1234 2720 legimus
1252 2649 1340 2720 igitur
1356 2667 1414 2704 uon

315 2720 405 2776 uerba
428 2725 495 2776 sunt
520 2719 569 2774 sed
588 2718 667 2788 sigua
684 2719 842 2776 uerborum
878 2719 983 2786 redut,
1003 2721 1064 2790 ipsa
1083 2720 1180 2776 littera
1206 2739 1270 2778 oum
1288 2721 1329 2774 sit
1346 2738 1413 2792 pars

315 2789 515 2846 minima-uocis
525 2789 699 2856 articulatae,
718 2791 859 2846 abutimur
869 2795 964 2846 tamen
973 2791 1026 2846 hoo
1035 2793 1180 2862 uocabulo,
1194 2791 1245 2864 [et]
1253 2796 1285 2847 ut
1292 2793 1413 2863 appelle·

316 2879 377 2916 mus
402 2863 527 2919 litteram
550 2861 633 2915 etism
652 2877 715 2916 curu
734 2861 867 2934 scriptam
885 2861 1021 2929 uidemus,
1051 2864 1176 2932 quamuis
1196 2865 1308 2918 omnino
1326 2865 1413 2920 tacita

316 2935 354 2989 sit
371 2949 461 3003 nequa
479 2931 536 2987 ulla·
552 2949 617 3002 pars
635 2933 714 2986 uocis
732 2933 780 2988 sed
799 2935 908 3006 signum
926 2935 1016 3004 partis
1027 2935 1104 2990 uocis
1118 2941 1260 3006 appareat,
1279 2937 1319 2991 ita
1328 2935 1412 2990 etiam

315 3006 434 3060 uerbum
452 3005 612 3076 appellatur
629 3017 692 3060 aum
713 3005 920 3076 scriptumest,
948 3007 1074 3075 quamuis
1093 3008 1173 3063 uerbi
1191 3008 1301 3078 signum
1320 3008 1413 3063 idest

316 3078 430 3148 sigum
444 3075 627 3148 significantis
651 3076 730 3133 uocis
749 3091 806 3132 non
824 3099 878 3132 acc
897 3080 964 3144 (uox
981 3081 1042 3133 att.
1066 3079 1173 3149 Vsum)
1194 3081 1310 3136 eluceat.
1343 3097 1412 3150 ergo

315 3153 347 3206 at
370 3165 516 3218 coeperam
535 3148 627 3206 dicere
648 3163 728 3204 omne
745 3149 863 3204 uerbum
882 3154 971 3204 sonat.
1009 3149 1073 3206 sed
1090 3149 1182 3220 quod
1201 3192 1208 3206 .
1226 3193 1232 3206 .
1252 3193 1258 3208 .
1279 3157 1413 3208 restat

316 3219 521 3290 siguificat.
557 3219 607 3274 sed
631 3219 765 3288 exemplis
791 3219 859 3276 heac
885 3217 1059 3276 inlustranda
1085 3240 1145 3277 esse
1176 3224 1325 3296 perspicio.
1367 3223 1413 3280 iac

314 3291 402 3362 igitur
433 3308 449 3346 a
479 3307 617 3362 quoquam
643 3291 825 3360 grammatico
855 3308 972 3362 puerum
998 3293 1202 3366 interrogatum
1229 3293 1283 3350 hoo
1311 3293 1411 3349 modo:

316 3376 392 3416 arma
424 3378 493 3431 quae
521 3379 585 3432 pars
612 3361 747 3416 orationis
778 3363 844 3416 est?
884 3361 957 3432 quod
984 3364 1091 3419 dictum
1118 3370 1162 3420 est
1190 3381 1267 3420 arma
1295 3369 1413 3436 propter

316 3452 345 3491 se
367 3433 474 3490 dietum
493 3439 536 3488 cst
562 3433 662 3500 idest
680 3434 799 3488 uerbum
814 3439 932 3506 propter
954 3436 1047 3505 ipsum
1060 3438 1192 3494 uerbum.¹
1224 3443 1318 3493 cetera
1335 3456 1412 3507 uere,

315 3504 391 3574 quod
414 3505 461 3573 ait,
485 3523 555 3576 quae
580 3522 645 3576 pars
669 3503 811 3576 orationis,
837 3524 895 3561 non
925 3512 1042 3578 propter
1071 3525 1109 3576 se,
1136 3507 1185 3564 aed
1214 3514 1331 3580 propter
1351 3528 1413 3564 uer·

307 3578 391 3642 bum,
421 3578 495 3647 quod
521 3593 598 3632 arma
621 3575 727 3632 dictum
751 3581 811 3646 est,
841 3577 886 3632 uel
914 3577 1004 3634 animo
1030 3596 1112 3634 sensa
1138 3580 1184 3634 uel
1207 3597 1276 3636 uoce
1303 3583 1413 3652 prolata

315 3653 389 3702 sunt
423 3649 476 3702 'scd
503 3665 566 3702 cum
591 3648 683 3702 animo
706 3663 788 3702 sensa
811 3653 884 3716 sunt,
902 3653 967 3703 anta
983 3667 1082 3704 uocem
1100 3651 1224 3706 dicibilia
1241 3658 1332 3721 erunt,
1348 3669 1412 3708 cum

315 3724 409 3774 autem
432 3723 550 3790 propter
575 3719 605 3773 id
624 3719 709 3789 ¹quod
733 3719 792 3774 dixi
815 3725 1006 3790 proruperimt
1030 3721 1061 3776 in
1084 3721 1193 3792 rebeum,
1218 3723 1357 3779 dictiones
1373 3724 1412 3778 ia·

316 3795 380 3848 otae
395 3795 468 3848 sunt.
500 3791 594 3861 ipsum
610 3809 678 3848 uero
694 3805 779 3858 erma,
805 3791 881 3860 quod
898 3791 944 3847 hic
963 3793 1080 3854 uerbum
1098 3799 1149 3864 est,
1174 3813 1238 3852 eom
1254 3813 1273 3850 a
1288 3795 1412 3866 Vergilio

312 4005 315 4008 .
416 3952 641 4023 luelseutitur
651 3971 807 4030 stuprator.
820 3953 869 4014 uel
884 3954 917 4014 B
928 3955 976 4026 117
996 3956 1124 4033 qualitor
1145 3957 1335 4022 cesaream
1354 3976 1411 4032 pro

315 4041 427 4117 quanta
437 4040 459 4111 tt
469 4040 488 4096 8
498 4037 700 4116 disputatione
709 4040 772 4103 BD
785 4033 802 4116 Η
817 4039 836 4096 9
849 4041 1040 4115 congestione
1048 4039 1213 4119 asperetur]
1225 4043 1412 4118 congestione

315 4123 442 4185 nodam
463 4126 495 4182 st
512 4125 700 4198 mancatione
720 4125 875 4200 maetam
896 4124 929 4186 B
940 4117 956 4203 ΙΙ
973 4126 1012 4184 10
1028 4130 1102 4202 quot
1124 4126 1150 4188 0
1166 4130 1240 4204 quot
1257 4144 1411 4201 suprascr.

313 4207 364 4268 uel
384 4207 466 4285 quod
483 4207 515 4268 B
539 4208 620 4284 quod
641 4223 721 4271 tows
732 4211 767 4268 ito
786 4210 861 4284 quot
876 4207 906 4268 P
923 4209 1006 4286 quod
1024 4211 1057 4272 D
1070 4203 1086 4290 ll
1101 4215 1137 4270 ll
1159 4210 1287 4272 rithmus
1309 4210 1369 4272 Bo
1392 4206 1410 4284 ΙΙ

312 4294 355 4352 sa
379 4293 526 4354 cratetur
548 4293 578 4354 Ρ
603 4295 749 4358 acuatu
772 4283 960 4370 opugnat
977 4289 1037 4374 Pp
1059 4298 1095 4360 ra
1108 4297 1198 4358 tonia
1218 4299 1297 4357 aar
1318 4295 1411 4358 aas

315 4377 385 4436 add.
409 4377 434 4436 Ο
444 4377 459 4445 ΙΙ
594 4423 595 4430 1
1040 4421 1043 4430 ·
1130 4435 1133 4444 .
