<?xml version="1.0" encoding="UTF-8"?>
<!DOCTYPE html PUBLIC "-//W3C//DTD XHTML 1.0 Transitional//EN"
    "http://www.w3.org/TR/xhtml1/DTD/xhtml1-transitional.dtd">
<html xmlns="http://www.w3.org/1999/xhtml" xml:lang="en" lang="en">
 <head>
  <title>
</title>
<meta http-equiv="Content-Type" content="text/html;charset=utf-8" />
  <meta name='ocr-system' content='tesseract 3.04.00' />
  <meta name='ocr-capabilities' content='ocr_page ocr_carea ocr_par ocr_line ocrx_word'/>
</head>
<body>
  <div class='ocr_page' id='page_1' title='image "./demterentivarro00wilmgoog_0022.png"; bbox 0 0 3152 5142; ppageno 0'>
   <div class='ocr_carea' id='block_1_1' title="bbox 735 471 752 528">
    <p class='ocr_par' dir='ltr' id='par_1_1' title="bbox 735 471 752 528">
     <span class='ocr_line' id='line_1_1' title="bbox 735 471 752 528; baseline 0 0"><span class='ocrx_word' id='word_1_1' title='bbox 735 471 752 528; x_wconf 83' lang='lat'>9</span> 
     </span>
    </p>
   </div>
   <div class='ocr_carea' id='block_1_2' title="bbox 191 632 1293 2155">
    <p class='ocr_par' dir='ltr' id='par_1_2' title="bbox 192 632 1292 1502">
     <span class='ocr_line' id='line_1_2' title="bbox 194 632 1291 730; baseline -0.009 -18"><span class='ocrx_word' id='word_1_2' title='bbox 194 643 308 730; x_wconf 72' lang='grc' dir='ltr'><strong><em>ἡδονὴν</em></strong></span> <span class='ocrx_word' id='word_1_3' title='bbox 333 646 387 709; x_wconf 83' lang='grc' dir='ltr'><strong><em>καί</em></strong></span> <span class='ocrx_word' id='word_1_4' title='bbox 407 646 521 721; x_wconf 77' lang='grc' dir='ltr'><strong><em>κάλλος</em></strong></span> <span class='ocrx_word' id='word_1_5' title='bbox 542 636 721 729; x_wconf 69' lang='grc' dir='ltr'><em>ἑρμηνείας,</em></span> <span class='ocrx_word' id='word_1_6' title='bbox 754 632 798 704; x_wconf 71' lang='grc' dir='ltr'><strong>ὧν</strong></span> <span class='ocrx_word' id='word_1_7' title='bbox 829 643 881 704; x_wconf 78' lang='grc' dir='ltr'><strong>δεῖ</strong></span> <span class='ocrx_word' id='word_1_8' title='bbox 898 641 1116 720; x_wconf 68' lang='grc' dir='ltr'><strong><em>στοχάζεσθαι</em></strong></span> <span class='ocrx_word' id='word_1_9' title='bbox 1138 638 1195 724; x_wconf 78' lang='grc' dir='ltr'><strong>τὴν</strong></span> <span class='ocrx_word' id='word_1_10' title='bbox 1217 639 1291 702; x_wconf 78' lang='grc' dir='ltr'><strong><em>σύν-</em></strong></span> 
     </span>
     <span class='ocr_line' id='line_1_3' title="bbox 194 749 1292 839; baseline -0.007 -21"><span class='ocrx_word' id='word_1_11' title='bbox 194 761 300 820; x_wconf 66' lang='grc' dir='ltr'><em>θεσιν·</em></span> <span class='ocrx_word' id='word_1_12' title='bbox 321 754 435 838; x_wconf 74' lang='grc' dir='ltr'><strong><em>ταύτης</em></strong></span> <span class='ocrx_word' id='word_1_13' title='bbox 457 756 515 833; x_wconf 83' lang='grc' dir='ltr'><strong>μὲν</strong></span> <span class='ocrx_word' id='word_1_14' title='bbox 537 755 592 836; x_wconf 80' lang='grc' dir='ltr'><strong>τῆς</strong></span> <span class='ocrx_word' id='word_1_15' title='bbox 612 752 833 834; x_wconf 66' lang='grc' dir='ltr'><strong><em>πραγματείας</em></strong></span> <span class='ocrx_word' id='word_1_16' title='bbox 854 749 990 832; x_wconf 71' lang='grc' dir='ltr'><em>ἀπέστην</em></span> <span class='ocrx_word' id='word_1_17' title='bbox 1004 755 1069 812; x_wconf 79' lang='grc' dir='ltr'><strong><em>κτλ.</em></strong></span> <span class='ocrx_word' id='word_1_18' title='bbox 1092 751 1292 839; x_wconf 85' lang='lat' dir='ltr'><strong>quibusuer-</strong></span> 
     </span>
     <span class='ocr_line' id='line_1_4' title="bbox 193 863 1292 948; baseline -0.005 -14"><span class='ocrx_word' id='word_1_19' title='bbox 193 869 241 934; x_wconf 90' lang='lat' dir='ltr'><strong>bis</strong></span> <span class='ocrx_word' id='word_1_20' title='bbox 269 891 343 932; x_wconf 93' lang='lat' dir='ltr'><strong>cum</strong></span> <span class='ocrx_word' id='word_1_21' title='bbox 370 865 572 932; x_wconf 82' lang='lat' dir='ltr'><strong>dialecticam</strong></span> <span class='ocrx_word' id='word_1_22' title='bbox 602 865 723 929; x_wconf 89' lang='lat' dir='ltr'><strong>stoicae</strong></span> <span class='ocrx_word' id='word_1_23' title='bbox 752 872 928 947; x_wconf 82' lang='lat' dir='ltr'><strong>syntaxeos</strong></span> <span class='ocrx_word' id='word_1_24' title='bbox 952 863 1112 928; x_wconf 90' lang='lat' dir='ltr'><strong>rationem</strong></span> <span class='ocrx_word' id='word_1_25' title='bbox 1124 863 1150 947; x_wconf 78' lang='lat'><strong>¹)</strong></span> <span class='ocrx_word' id='word_1_26' title='bbox 1172 885 1292 948; x_wconf 84' lang='lat' dir='ltr'><strong>cogno·</strong></span> 
     </span>
     <span class='ocr_line' id='line_1_5' title="bbox 192 972 1292 1062; baseline -0.006 -17"><span class='ocrx_word' id='word_1_27' title='bbox 192 978 322 1060; x_wconf 89' lang='lat' dir='ltr'><strong>scimus,</strong></span> <span class='ocrx_word' id='word_1_28' title='bbox 345 986 412 1041; x_wconf 91' lang='lat' dir='ltr'><strong>tum</strong></span> <span class='ocrx_word' id='word_1_29' title='bbox 436 977 494 1041; x_wconf 92' lang='lat' dir='ltr'><strong>illo</strong></span> <span class='ocrx_word' id='word_1_30' title='bbox 515 983 662 1062; x_wconf 88' lang='lat' dir='ltr'><strong>tempore</strong></span> <span class='ocrx_word' id='word_1_31' title='bbox 683 972 857 1060; x_wconf 89' lang='lat' dir='ltr'><strong>unicuique</strong></span> <span class='ocrx_word' id='word_1_32' title='bbox 882 974 936 1056; x_wconf 87' lang='lat' dir='ltr'><strong>qui</strong></span> <span class='ocrx_word' id='word_1_33' title='bbox 960 972 1000 1037; x_wconf 98' lang='grc'><strong>(16</strong></span> <span class='ocrx_word' id='word_1_34' title='bbox 1023 973 1201 1038; x_wconf 87' lang='lat' dir='ltr'><strong>uerborum</strong></span> <span class='ocrx_word' id='word_1_35' title='bbox 1216 993 1292 1038; x_wconf 89' lang='lat' dir='ltr'><strong>eon·</strong></span> 
     </span>
     <span class='ocr_line' id='line_1_6' title="bbox 192 1080 1292 1169; baseline -0.006 -18"><span class='ocrx_word' id='word_1_36' title='bbox 192 1085 371 1152; x_wconf 84' lang='lat' dir='ltr'><strong>structione</strong></span> <span class='ocrx_word' id='word_1_37' title='bbox 398 1086 467 1150; x_wconf 87' lang='lat' dir='ltr'><strong>siue</strong></span> <span class='ocrx_word' id='word_1_38' title='bbox 494 1085 606 1149; x_wconf 90' lang='lat' dir='ltr'><strong>rhetor</strong></span> <span class='ocrx_word' id='word_1_39' title='bbox 636 1082 706 1148; x_wconf 88' lang='lat' dir='ltr'><strong>sius</strong></span> <span class='ocrx_word' id='word_1_40' title='bbox 738 1080 970 1169; x_wconf 86' lang='lat' dir='ltr'><strong>grammaticus</strong></span> <span class='ocrx_word' id='word_1_41' title='bbox 1004 1080 1145 1146; x_wconf 84' lang='lat' dir='ltr'><strong>scribere</strong></span> <span class='ocrx_word' id='word_1_42' title='bbox 1179 1080 1292 1162; x_wconf 89' lang='lat' dir='ltr'><strong>uellet,</strong></span> 
     </span>
     <span class='ocr_line' id='line_1_7' title="bbox 192 1185 1292 1282; baseline -0.006 -22"><span class='ocrx_word' id='word_1_43' title='bbox 192 1196 334 1282; x_wconf 89' lang='lat' dir='ltr'><strong>primum</strong></span> <span class='ocrx_word' id='word_1_44' title='bbox 362 1194 542 1260; x_wconf 81' lang='lat' dir='ltr'><strong>doctrinam</strong></span> <span class='ocrx_word' id='word_1_45' title='bbox 573 1193 747 1258; x_wconf 85' lang='lat' dir='ltr'><strong>stoicorum</strong></span> <span class='ocrx_word' id='word_1_46' title='bbox 779 1191 814 1255; x_wconf 92' lang='lat' dir='ltr'><strong>in</strong></span> <span class='ocrx_word' id='word_1_47' title='bbox 839 1199 981 1255; x_wconf 89' lang='lat' dir='ltr'><strong>mentem</strong></span> <span class='ocrx_word' id='word_1_48' title='bbox 1002 1191 1128 1273; x_wconf 89' lang='lat' dir='ltr'><strong>uenire,</strong></span> <span class='ocrx_word' id='word_1_49' title='bbox 1159 1185 1292 1256; x_wconf 76' lang='lat' dir='ltr'><strong>illorum</strong></span> 
     </span>
     <span class='ocr_line' id='line_1_8' title="bbox 192 1297 1291 1392; baseline -0.006 -24"><span class='ocrx_word' id='word_1_50' title='bbox 192 1314 366 1392; x_wconf 87' lang='lat' dir='ltr'><strong>praecepta</strong></span> <span class='ocrx_word' id='word_1_51' title='bbox 388 1299 605 1391; x_wconf 73' lang='lat' dir='ltr'><strong>circumspici,</strong></span> <span class='ocrx_word' id='word_1_52' title='bbox 628 1303 667 1367; x_wconf 91' lang='lat' dir='ltr'><strong>ab</strong></span> <span class='ocrx_word' id='word_1_53' title='bbox 692 1301 823 1367; x_wconf 88' lang='lat' dir='ltr'><strong>illorum</strong></span> <span class='ocrx_word' id='word_1_54' title='bbox 843 1299 956 1364; x_wconf 88' lang='lat' dir='ltr'><strong>studiis</strong></span> <span class='ocrx_word' id='word_1_55' title='bbox 979 1321 1091 1365; x_wconf 89' lang='lat' dir='ltr'><strong>omnes</strong></span> <span class='ocrx_word' id='word_1_56' title='bbox 1104 1297 1291 1364; x_wconf 87' lang='lat' dir='ltr'><strong>huiuamodi</strong></span> 
     </span>
     <span class='ocr_line' id='line_1_9' title="bbox 193 1411 590 1502; baseline -0.013 -23"><span class='ocrx_word' id='word_1_57' title='bbox 193 1411 399 1502; x_wconf 68' lang='lat' dir='ltr'><strong>quaestiones</strong></span> <span class='ocrx_word' id='word_1_58' title='bbox 421 1411 590 1499; x_wconf 85' lang='lat' dir='ltr'><strong>proficisci.</strong></span> 
     </span>
    </p>

    <p class='ocr_par' dir='ltr' id='par_1_3' title="bbox 191 1517 1293 2155">
     <span class='ocr_line' id='line_1_10' title="bbox 291 1517 1293 1608; baseline -0.005 -22"><span class='ocrx_word' id='word_1_59' title='bbox 291 1522 469 1588; x_wconf 82' lang='lat' dir='ltr'><strong>Videamus</strong></span> <span class='ocrx_word' id='word_1_60' title='bbox 489 1545 586 1604; x_wconf 91' lang='lat' dir='ltr'><strong>nunc,</strong></span> <span class='ocrx_word' id='word_1_61' title='bbox 606 1522 718 1608; x_wconf 91' lang='lat' dir='ltr'><strong>paucis</strong></span> <span class='ocrx_word' id='word_1_62' title='bbox 742 1520 999 1585; x_wconf 87' lang='lat' dir='ltr'><strong>deVerronis</strong></span> <span class='ocrx_word' id='word_1_63' title='bbox 1023 1517 1293 1606; x_wconf 88' lang='lat' dir='ltr'><strong>philosophia</strong></span> 
     </span>
     <span class='ocr_line' id='line_1_11' title="bbox 191 1627 1292 1722; baseline -0.004 -24"><span class='ocrx_word' id='word_1_64' title='bbox 191 1631 387 1722; x_wconf 83' lang='lat' dir='ltr'><strong>praemissis,</strong></span> <span class='ocrx_word' id='word_1_65' title='bbox 413 1655 495 1718; x_wconf 92' lang='lat' dir='ltr'><strong>quaa</strong></span> <span class='ocrx_word' id='word_1_66' title='bbox 518 1633 601 1698; x_wconf 87' lang='lat' dir='ltr'><strong>ratio</strong></span> <span class='ocrx_word' id='word_1_67' title='bbox 625 1633 712 1697; x_wconf 89' lang='lat' dir='ltr'><strong>inter</strong></span> <span class='ocrx_word' id='word_1_68' title='bbox 732 1629 1033 1696; x_wconf 80' lang='lat' dir='ltr'><strong>Alexandrinorum</strong></span> <span class='ocrx_word' id='word_1_69' title='bbox 1058 1639 1090 1693; x_wconf 91' lang='lat' dir='ltr'><strong>et</strong></span> <span class='ocrx_word' id='word_1_70' title='bbox 1105 1627 1292 1695; x_wconf 82' lang='lat' dir='ltr'><strong>Stoicorum</strong></span> 
     </span>
     <span class='ocr_line' id='line_1_12' title="bbox 192 1736 1291 1827; baseline -0.003 -21"><span class='ocrx_word' id='word_1_71' title='bbox 192 1741 438 1827; x_wconf 84' lang='lat' dir='ltr'><strong>grammaticam</strong></span> <span class='ocrx_word' id='word_1_72' title='bbox 461 1750 494 1805; x_wconf 93' lang='lat' dir='ltr'><strong>et</strong></span> <span class='ocrx_word' id='word_1_73' title='bbox 514 1741 616 1806; x_wconf 91' lang='lat' dir='ltr'><strong>libros</strong></span> <span class='ocrx_word' id='word_1_74' title='bbox 637 1739 677 1805; x_wconf 89' lang='lat' dir='ltr'><strong>de</strong></span> <span class='ocrx_word' id='word_1_75' title='bbox 699 1741 814 1826; x_wconf 88' lang='lat' dir='ltr'><strong>lingua</strong></span> <span class='ocrx_word' id='word_1_76' title='bbox 838 1738 936 1803; x_wconf 85' lang='lat' dir='ltr'><strong>latina</strong></span> <span class='ocrx_word' id='word_1_77' title='bbox 958 1737 1009 1802; x_wconf 91' lang='lat' dir='ltr'><strong>sit.</strong></span> <span class='ocrx_word' id='word_1_78' title='bbox 1032 1737 1138 1801; x_wconf 88' lang='lat' dir='ltr'><strong>Varro</strong></span> <span class='ocrx_word' id='word_1_79' title='bbox 1152 1736 1221 1801; x_wconf 87' lang='lat' dir='ltr'><strong>er&#39;at</strong></span> <span class='ocrx_word' id='word_1_80' title='bbox 1236 1757 1291 1804; x_wconf 49' lang='lat' dir='ltr'><strong>auu</strong></span> 
     </span>
     <span class='ocr_line' id='line_1_13' title="bbox 193 1846 1290 1934; baseline -0.005 -19"><span class='ocrx_word' id='word_1_81' title='bbox 193 1850 278 1916; x_wconf 90' lang='lat' dir='ltr'><strong>ditor</strong></span> <span class='ocrx_word' id='word_1_82' title='bbox 306 1849 525 1916; x_wconf 83' lang='lat' dir='ltr'><strong>etfamiliaris</strong></span> <span class='ocrx_word' id='word_1_83' title='bbox 554 1850 709 1916; x_wconf 86' lang='lat' dir='ltr'><strong>Antiochi</strong></span> <span class='ocrx_word' id='word_1_84' title='bbox 732 1847 941 1914; x_wconf 86' lang='lat' dir='ltr'><strong>Ascalonitae</strong></span> <span class='ocrx_word' id='word_1_85' title='bbox 962 1846 1057 1931; x_wconf 63' lang='lat' dir='ltr'><strong>tCic,</strong></span> <span class='ocrx_word' id='word_1_86' title='bbox 1082 1846 1185 1912; x_wconf 86' lang='lat' dir='ltr'><strong>Aead.</strong></span> <span class='ocrx_word' id='word_1_87' title='bbox 1208 1855 1290 1934; x_wconf 90' lang='lat' dir='ltr'><strong>post.</strong></span> 
     </span>
     <span class='ocr_line' id='line_1_14' title="bbox 191 1953 1291 2045; baseline -0.003 -19"><span class='ocrx_word' id='word_1_88' title='bbox 191 1961 259 2043; x_wconf 85' lang='lat'><strong>13,</strong></span> <span class='ocrx_word' id='word_1_89' title='bbox 282 1959 329 2025; x_wconf 81' lang='grc'><strong>12.</strong></span> <span class='ocrx_word' id='word_1_90' title='bbox 350 1959 458 2043; x_wconf 78' lang='lat'><strong>4,13),</strong></span> <span class='ocrx_word' id='word_1_91' title='bbox 489 1959 580 2023; x_wconf 83' lang='grc'><strong>66166</strong></span> <span class='ocrx_word' id='word_1_92' title='bbox 604 1959 724 2045; x_wconf 88' lang='lat' dir='ltr'><strong>placita</strong></span> <span class='ocrx_word' id='word_1_93' title='bbox 743 1965 858 2044; x_wconf 89' lang='lat' dir='ltr'><strong>postea</strong></span> <span class='ocrx_word' id='word_1_94' title='bbox 880 1977 1008 2042; x_wconf 89' lang='lat' dir='ltr'><strong>quoque</strong></span> <span class='ocrx_word' id='word_1_95' title='bbox 1029 1955 1182 2042; x_wconf 89' lang='lat' dir='ltr'><strong>probauit</strong></span> <span class='ocrx_word' id='word_1_96' title='bbox 1205 1953 1291 2039; x_wconf 78' lang='lat' dir='ltr'><strong>(Cic.</strong></span> 
     </span>
     <span class='ocr_line' id='line_1_15' title="bbox 193 2063 1289 2155; baseline -0.003 -22"><span class='ocrx_word' id='word_1_97' title='bbox 193 2067 285 2155; x_wconf 87' lang='lat' dir='ltr'><strong>epist.</strong></span> <span class='ocrx_word' id='word_1_98' title='bbox 310 2067 352 2132; x_wconf 91' lang='lat' dir='ltr'><strong>ad</strong></span> <span class='ocrx_word' id='word_1_99' title='bbox 373 2069 442 2134; x_wconf 87' lang='lat' dir='ltr'><strong>Att.</strong></span> <span class='ocrx_word' id='word_1_100' title='bbox 463 2069 551 2134; x_wconf 87' lang='lat' dir='ltr'>XIII</span> <span class='ocrx_word' id='word_1_101' title='bbox 567 2067 616 2152; x_wconf 78' lang='lat'><strong>12,</strong></span> <span class='ocrx_word' id='word_1_102' title='bbox 636 2069 667 2134; x_wconf 83' lang='lat'><strong>3.</strong></span> <span class='ocrx_word' id='word_1_103' title='bbox 689 2067 738 2152; x_wconf 86' lang='grc'><strong>16,</strong></span> <span class='ocrx_word' id='word_1_104' title='bbox 760 2069 789 2147; x_wconf 90' lang='grc'><strong>1)</strong></span> <span class='ocrx_word' id='word_1_105' title='bbox 820 2065 1041 2150; x_wconf 86' lang='lat' dir='ltr'><strong>extremisque</strong></span> <span class='ocrx_word' id='word_1_106' title='bbox 1064 2063 1152 2130; x_wconf 90' lang='lat' dir='ltr'><strong>uitae</strong></span> <span class='ocrx_word' id='word_1_107' title='bbox 1176 2065 1289 2130; x_wconf 89' lang='lat' dir='ltr'><strong>lustris</strong></span> 
     </span>
    </p>
   </div>
   <div class='ocr_carea' id='block_1_3' title="bbox 89 2175 1291 2266">
    <p class='ocr_par' dir='ltr' id='par_1_4' title="bbox 89 2175 1291 2266">
     <span class='ocr_line' id='line_1_16' title="bbox 89 2175 1291 2266; baseline -0.003 -22"><span class='ocrx_word' id='word_1_108' title='bbox 89 2237 92 2244; x_wconf 94' lang='lat'><em>.</em></span> <span class='ocrx_word' id='word_1_109' title='bbox 193 2177 370 2265; x_wconf 83' lang='lat' dir='ltr'><strong>diligenter</strong></span> <span class='ocrx_word' id='word_1_110' title='bbox 392 2179 543 2266; x_wconf 86' lang='lat' dir='ltr'><strong>exposuit</strong></span> <span class='ocrx_word' id='word_1_111' title='bbox 555 2178 581 2262; x_wconf 78' lang='lat'><strong>²)</strong></span> <span class='ocrx_word' id='word_1_112' title='bbox 605 2178 795 2264; x_wconf 85' lang='lat' dir='ltr'><strong>(Angustia.</strong></span> <span class='ocrx_word' id='word_1_113' title='bbox 823 2176 863 2242; x_wconf 92' lang='lat' dir='ltr'><strong>de</strong></span> <span class='ocrx_word' id='word_1_114' title='bbox 884 2177 946 2242; x_wconf 90' lang='lat' dir='ltr'><strong>eiu.</strong></span> <span class='ocrx_word' id='word_1_115' title='bbox 971 2175 1024 2240; x_wconf 90' lang='lat' dir='ltr'><strong>dai</strong></span> <span class='ocrx_word' id='word_1_116' title='bbox 1045 2175 1188 2241; x_wconf 88' lang='lat' dir='ltr'>XVIIII</span> <span class='ocrx_word' id='word_1_117' title='bbox 1201 2175 1231 2258; x_wconf 85' lang='lat'><strong>3,</strong></span> <span class='ocrx_word' id='word_1_118' title='bbox 1248 2176 1291 2254; x_wconf 79' lang='grc'><strong>2).</strong></span> 
     </span>
    </p>
   </div>
   <div class='ocr_carea' id='block_1_4' title="bbox 191 2343 398 2354">
    <p class='ocr_par' dir='ltr' id='par_1_5' title="bbox 191 2343 398 2354">
     <span class='ocr_line' id='line_1_17' title="bbox 191 2343 398 2354; baseline 0.01 -3"><span class='ocrx_word' id='word_1_119' title='bbox 191 2343 398 2354; x_wconf 67' lang='lat'><em>——.-—-——-</em></span> 
     </span>
    </p>
   </div>
   <div class='ocr_carea' id='block_1_5' title="bbox 186 2461 1293 4354">
    <p class='ocr_par' dir='ltr' id='par_1_6' title="bbox 189 2461 1291 2998">
     <span class='ocr_line' id='line_1_18' title="bbox 292 2461 1289 2538; baseline -0.001 -23"><span class='ocrx_word' id='word_1_120' title='bbox 292 2461 317 2526; x_wconf 71' lang='lat'><strong>1)</strong></span> <span class='ocrx_word' id='word_1_121' title='bbox 335 2461 484 2516; x_wconf 86' lang='lat' dir='ltr'><strong>Praeterea</strong></span> <span class='ocrx_word' id='word_1_122' title='bbox 493 2462 607 2532; x_wconf 87' lang='lat' dir='ltr'><strong>Dionysi</strong></span> <span class='ocrx_word' id='word_1_123' title='bbox 620 2465 683 2538; x_wconf 89' lang='lat' dir='ltr'><strong>loeo</strong></span> <span class='ocrx_word' id='word_1_124' title='bbox 700 2463 846 2530; x_wconf 76' lang='lat' dir='ltr'><strong>emacitas,</strong></span> <span class='ocrx_word' id='word_1_125' title='bbox 865 2468 894 2517; x_wconf 90' lang='lat' dir='ltr'><strong>et</strong></span> <span class='ocrx_word' id='word_1_126' title='bbox 911 2462 974 2517; x_wconf 89' lang='lat' dir='ltr'><strong>illos</strong></span> <span class='ocrx_word' id='word_1_127' title='bbox 985 2461 1130 2531; x_wconf 79' lang='lat' dir='ltr'><strong>Chrysippi</strong></span> <span class='ocrx_word' id='word_1_128' title='bbox 1148 2461 1234 2516; x_wconf 87' lang='lat' dir='ltr'><strong>libros</strong></span> <span class='ocrx_word' id='word_1_129' title='bbox 1255 2461 1289 2514; x_wconf 92' lang='grc'><strong>(16</strong></span> 
     </span>
     <span class='ocr_line' id='line_1_19' title="bbox 190 2557 1290 2628; baseline -0.001 -16"><span class='ocrx_word' id='word_1_130' title='bbox 190 2559 330 2614; x_wconf 88' lang='lat' dir='ltr'><strong>rhetorica</strong></span> <span class='ocrx_word' id='word_1_131' title='bbox 345 2577 402 2612; x_wconf 89' lang='lat' dir='ltr'><strong>non</strong></span> <span class='ocrx_word' id='word_1_132' title='bbox 414 2558 502 2628; x_wconf 86' lang='lat' dir='ltr'><strong>egisse</strong></span> <span class='ocrx_word' id='word_1_133' title='bbox 515 2559 693 2624; x_wconf 85' lang='lat' dir='ltr'><strong>(rhetoricam</strong></span> <span class='ocrx_word' id='word_1_134' title='bbox 711 2575 777 2613; x_wconf 90' lang='lat' dir='ltr'><strong>uero</strong></span> <span class='ocrx_word' id='word_1_135' title='bbox 791 2558 873 2614; x_wconf 87' lang='lat' dir='ltr'><strong>stoici</strong></span> <span class='ocrx_word' id='word_1_136' title='bbox 886 2559 921 2614; x_wconf 83' lang='lat' dir='ltr'><strong>ad</strong></span> <span class='ocrx_word' id='word_1_137' title='bbox 940 2558 1115 2613; x_wconf 86' lang='lat' dir='ltr'><strong>dialecticam</strong></span> <span class='ocrx_word' id='word_1_138' title='bbox 1130 2557 1290 2612; x_wconf 87' lang='lat' dir='ltr'><strong>referebant</strong></span> 
     </span>
     <span class='ocr_line' id='line_1_20' title="bbox 190 2653 1291 2730; baseline -0.005 -20"><span class='ocrx_word' id='word_1_139' title='bbox 190 2657 222 2710; x_wconf 88' lang='lat' dir='ltr'><strong>L.</strong></span> <span class='ocrx_word' id='word_1_140' title='bbox 239 2656 273 2710; x_wconf 92' lang='lat' dir='ltr'><strong>D.</strong></span> <span class='ocrx_word' id='word_1_141' title='bbox 291 2654 410 2723; x_wconf 78' lang='grc'><strong>111141),</strong></span> <span class='ocrx_word' id='word_1_142' title='bbox 431 2660 459 2709; x_wconf 89' lang='lat' dir='ltr'><strong>et</strong></span> <span class='ocrx_word' id='word_1_143' title='bbox 478 2655 501 2708; x_wconf 89' lang='lat' dir='ltr'><strong>si</strong></span> <span class='ocrx_word' id='word_1_144' title='bbox 519 2656 683 2724; x_wconf 88' lang='lat' dir='ltr'><strong>Dionysium</strong></span> <span class='ocrx_word' id='word_1_145' title='bbox 701 2659 772 2711; x_wconf 89' lang='lat' dir='ltr'><strong>bene</strong></span> <span class='ocrx_word' id='word_1_146' title='bbox 790 2656 907 2726; x_wconf 82' lang='lat' dir='ltr'><strong>elegisse</strong></span> <span class='ocrx_word' id='word_1_147' title='bbox 926 2655 1063 2730; x_wconf 84' lang='lat' dir='ltr'><strong>credimus</strong></span> <span class='ocrx_word' id='word_1_148' title='bbox 1083 2653 1157 2723; x_wconf 91' lang='lat' dir='ltr'><strong>quod</strong></span> <span class='ocrx_word' id='word_1_149' title='bbox 1175 2653 1206 2707; x_wconf 92' lang='lat' dir='ltr'><strong>in</strong></span> <span class='ocrx_word' id='word_1_150' title='bbox 1227 2669 1291 2706; x_wconf 89' lang='lat' dir='ltr'><strong>eon·</strong></span> 
     </span>
     <span class='ocr_line' id='line_1_21' title="bbox 191 2738 1289 2820; baseline -0.006 -15"><span class='ocrx_word' id='word_1_151' title='bbox 191 2751 338 2806; x_wconf 90' lang='lat' dir='ltr'><strong>scribendo</strong></span> <span class='ocrx_word' id='word_1_152' title='bbox 358 2766 442 2820; x_wconf 91' lang='lat' dir='ltr'><strong>opere</strong></span> <span class='ocrx_word' id='word_1_153' title='bbox 461 2747 615 2816; x_wconf 87' lang='lat' dir='ltr'><strong>adhiberet,</strong></span> <span class='ocrx_word' id='word_1_154' title='bbox 642 2738 677 2802; x_wconf 53' lang='lat' dir='ltr'><strong>in¹</strong></span> <span class='ocrx_word' id='word_1_155' title='bbox 697 2748 758 2802; x_wconf 89' lang='lat' dir='ltr'><strong>aliis</strong></span> <span class='ocrx_word' id='word_1_156' title='bbox 783 2766 892 2817; x_wconf 89' lang='lat' dir='ltr'><strong>quoque</strong></span> <span class='ocrx_word' id='word_1_157' title='bbox 912 2749 990 2804; x_wconf 90' lang='lat' dir='ltr'><strong>libris</strong></span> <span class='ocrx_word' id='word_1_158' title='bbox 1007 2748 1079 2803; x_wconf 88' lang='lat' dir='ltr'><strong>hanc</strong></span> <span class='ocrx_word' id='word_1_159' title='bbox 1099 2766 1115 2801; x_wconf 86' lang='lat' dir='ltr'><strong>a</strong></span> <span class='ocrx_word' id='word_1_160' title='bbox 1135 2747 1289 2815; x_wconf 80' lang='lat' dir='ltr'><strong>Chrysippo</strong></span> 
     </span>
     <span class='ocr_line' id='line_1_22' title="bbox 190 2841 1290 2915; baseline -0.005 -14"><span class='ocrx_word' id='word_1_161' title='bbox 190 2864 251 2901; x_wconf 89' lang='lat' dir='ltr'><strong>esse</strong></span> <span class='ocrx_word' id='word_1_162' title='bbox 269 2846 433 2915; x_wconf 80' lang='lat' dir='ltr'><strong>neglectam,</strong></span> <span class='ocrx_word' id='word_1_163' title='bbox 459 2843 534 2912; x_wconf 91' lang='lat' dir='ltr'><strong>quod</strong></span> <span class='ocrx_word' id='word_1_164' title='bbox 551 2843 581 2897; x_wconf 90' lang='lat' dir='ltr'><strong>in</strong></span> <span class='ocrx_word' id='word_1_165' title='bbox 599 2841 738 2913; x_wconf 89' lang='lat' dir='ltr'><strong>plerisque</strong></span> <span class='ocrx_word' id='word_1_166' title='bbox 763 2843 868 2897; x_wconf 83' lang='lat' dir='ltr'><strong>factum</strong></span> <span class='ocrx_word' id='word_1_167' title='bbox 893 2861 952 2898; x_wconf 85' lang='lat' dir='ltr'><strong>esse</strong></span> <span class='ocrx_word' id='word_1_168' title='bbox 975 2843 1059 2897; x_wconf 84' lang='lat' dir='ltr'><strong>index</strong></span> <span class='ocrx_word' id='word_1_169' title='bbox 1076 2845 1124 2898; x_wconf 89' lang='lat' dir='ltr'><strong>ille</strong></span> <span class='ocrx_word' id='word_1_170' title='bbox 1143 2843 1290 2898; x_wconf 84' lang='lat' dir='ltr'><strong>confirmat</strong></span> 
     </span>
     <span class='ocr_line' id='line_1_23' title="bbox 189 2939 468 2998; baseline -0.014 -2"><span class='ocrx_word' id='word_1_171' title='bbox 189 2943 363 2998; x_wconf 85' lang='lat' dir='ltr'><strong>Laertianus.</strong></span> <span class='ocrx_word' id='word_1_172' title='bbox 465 2939 468 2948; x_wconf 82' lang='grc'><em>“</em></span> 
     </span>
    </p>

    <p class='ocr_par' dir='ltr' id='par_1_7' title="bbox 186 3035 1293 4354">
     <span class='ocr_line' id='line_1_24' title="bbox 290 3035 1289 3108; baseline 0 -18"><span class='ocrx_word' id='word_1_173' title='bbox 290 3038 317 3106; x_wconf 80' lang='lat'><strong>2)</strong></span> <span class='ocrx_word' id='word_1_174' title='bbox 336 3037 399 3091; x_wconf 87' lang='lat' dir='ltr'><strong>Non</strong></span> <span class='ocrx_word' id='word_1_175' title='bbox 417 3041 494 3090; x_wconf 87' lang='lat' dir='ltr'><strong>recte</strong></span> <span class='ocrx_word' id='word_1_176' title='bbox 511 3037 541 3090; x_wconf 88' lang='lat' dir='ltr'><strong>L.</strong></span> <span class='ocrx_word' id='word_1_177' title='bbox 561 3037 688 3090; x_wconf 87' lang='lat' dir='ltr'><strong>Krahuar</strong></span> <span class='ocrx_word' id='word_1_178' title='bbox 713 3037 748 3090; x_wconf 88' lang='lat' dir='ltr'><strong>de</strong></span> <span class='ocrx_word' id='word_1_179' title='bbox 766 3036 898 3090; x_wconf 87' lang='lat' dir='ltr'><strong>Varronis</strong></span> <span class='ocrx_word' id='word_1_180' title='bbox 924 3037 1024 3107; x_wconf 88' lang='lat' dir='ltr'><strong>philos.</strong></span> <span class='ocrx_word' id='word_1_181' title='bbox 1044 3056 1070 3108; x_wconf 91' lang='lat' dir='ltr'><strong>p.</strong></span> <span class='ocrx_word' id='word_1_182' title='bbox 1088 3037 1105 3090; x_wconf 86' lang='lat'><strong>3</strong></span> <span class='ocrx_word' id='word_1_183' title='bbox 1127 3035 1289 3091; x_wconf 80' lang='lat' dir='ltr'><strong>Ciceronem</strong></span> 
     </span>
     <span class='ocr_line' id='line_1_25' title="bbox 189 3126 1293 3204; baseline 0.001 -17"><span class='ocrx_word' id='word_1_184' title='bbox 189 3132 265 3188; x_wconf 87' lang='lat' dir='ltr'><strong>illius</strong></span> <span class='ocrx_word' id='word_1_185' title='bbox 283 3132 356 3186; x_wconf 89' lang='lat' dir='ltr'><strong>libro</strong></span> <span class='ocrx_word' id='word_1_186' title='bbox 376 3126 411 3187; x_wconf 90' lang='lat' dir='ltr'><strong>de</strong></span> <span class='ocrx_word' id='word_1_187' title='bbox 428 3133 605 3204; x_wconf 89' lang='lat' dir='ltr'><strong>philosophia</strong></span> <span class='ocrx_word' id='word_1_188' title='bbox 624 3133 782 3202; x_wconf 78' lang='lat' dir='ltr'><strong>(Augustis.</strong></span> <span class='ocrx_word' id='word_1_189' title='bbox 800 3133 847 3186; x_wconf 89' lang='grc'><strong>1.1.</strong></span> <span class='ocrx_word' id='word_1_190' title='bbox 867 3133 970 3188; x_wconf 87' lang='lat' dir='ltr'>XVIIII</span> <span class='ocrx_word' id='word_1_191' title='bbox 982 3133 1007 3198; x_wconf 79' lang='lat'><strong>1,</strong></span> <span class='ocrx_word' id='word_1_192' title='bbox 1022 3134 1050 3202; x_wconf 79' lang='lat'><strong>1)</strong></span> <span class='ocrx_word' id='word_1_193' title='bbox 1071 3151 1151 3188; x_wconf 88' lang='lat' dir='ltr'><strong>usum</strong></span> <span class='ocrx_word' id='word_1_194' title='bbox 1178 3151 1238 3188; x_wconf 89' lang='lat' dir='ltr'><strong>esse</strong></span> <span class='ocrx_word' id='word_1_195' title='bbox 1263 3137 1293 3188; x_wconf 90' lang='grc'><strong>61</strong></span> 
     </span>
     <span class='ocr_line' id='line_1_26' title="bbox 190 3227 1291 3298; baseline -0.002 -16"><span class='ocrx_word' id='word_1_196' title='bbox 190 3228 413 3284; x_wconf 87' lang='lat' dir='ltr'><strong>academicorum</strong></span> <span class='ocrx_word' id='word_1_197' title='bbox 429 3227 581 3280; x_wconf 87' lang='lat' dir='ltr'><strong>sententias</strong></span> <span class='ocrx_word' id='word_1_198' title='bbox 598 3227 671 3282; x_wconf 87' lang='lat' dir='ltr'><strong>illius</strong></span> <span class='ocrx_word' id='word_1_199' title='bbox 689 3229 782 3282; x_wconf 90' lang='lat' dir='ltr'><strong>uerbis</strong></span> <span class='ocrx_word' id='word_1_200' title='bbox 793 3229 982 3284; x_wconf 85' lang='lat' dir='ltr'><strong>introduxisse</strong></span> <span class='ocrx_word' id='word_1_201' title='bbox 993 3228 1047 3284; x_wconf 90' lang='lat' dir='ltr'><strong>sibi</strong></span> <span class='ocrx_word' id='word_1_202' title='bbox 1058 3227 1206 3298; x_wconf 87' lang='lat' dir='ltr'><strong>persuasit.</strong></span> <span class='ocrx_word' id='word_1_203' title='bbox 1225 3244 1291 3280; x_wconf 88' lang='lat' dir='ltr'><strong>nam</strong></span> 
     </span>
     <span class='ocr_line' id='line_1_27' title="bbox 188 3321 1289 3394; baseline 0 -16"><span class='ocrx_word' id='word_1_204' title='bbox 188 3324 310 3394; x_wconf 89' lang='lat' dir='ltr'><strong>primum</strong></span> <span class='ocrx_word' id='word_1_205' title='bbox 330 3322 353 3375; x_wconf 90' lang='lat' dir='ltr'><strong>si</strong></span> <span class='ocrx_word' id='word_1_206' title='bbox 371 3339 415 3374; x_wconf 86' lang='lat' dir='ltr'><strong>res</strong></span> <span class='ocrx_word' id='word_1_207' title='bbox 433 3321 474 3374; x_wconf 89' lang='lat' dir='ltr'><strong>ita</strong></span> <span class='ocrx_word' id='word_1_208' title='bbox 494 3325 575 3386; x_wconf 85' lang='lat' dir='ltr'><strong>esset,</strong></span> <span class='ocrx_word' id='word_1_209' title='bbox 596 3321 692 3376; x_wconf 91' lang='lat' dir='ltr'><strong>Cicero</strong></span> <span class='ocrx_word' id='word_1_210' title='bbox 711 3323 796 3378; x_wconf 86' lang='lat' dir='ltr'><strong>Aead.</strong></span> <span class='ocrx_word' id='word_1_211' title='bbox 817 3328 890 3394; x_wconf 88' lang='lat' dir='ltr'><strong>post.</strong></span> <span class='ocrx_word' id='word_1_212' title='bbox 908 3324 921 3376; x_wconf 94' lang='lat' dir='ltr'>I</span> <span class='ocrx_word' id='word_1_213' title='bbox 938 3322 990 3389; x_wconf 88' lang='lat'><strong>1,3</strong></span> <span class='ocrx_word' id='word_1_214' title='bbox 1009 3323 1102 3377; x_wconf 91' lang='lat' dir='ltr'><strong>dicere</strong></span> <span class='ocrx_word' id='word_1_215' title='bbox 1121 3341 1176 3377; x_wconf 89' lang='lat' dir='ltr'><strong>non</strong></span> <span class='ocrx_word' id='word_1_216' title='bbox 1195 3325 1289 3394; x_wconf 86' lang='lat' dir='ltr'><strong>potuit</strong></span> 
     </span>
     <span class='ocr_line' id='line_1_28' title="bbox 190 3417 1292 3490; baseline -0.001 -17"><span class='ocrx_word' id='word_1_217' title='bbox 190 3439 290 3490; x_wconf 82' lang='lat' dir='ltr'><strong>quaero</strong></span> <span class='ocrx_word' id='word_1_218' title='bbox 315 3439 361 3470; x_wconf 80' lang='lat' dir='ltr'><strong>oar·</strong></span> <span class='ocrx_word' id='word_1_219' title='bbox 387 3437 444 3470; x_wconf 74' lang='lat' dir='ltr'><strong>cata</strong></span> <span class='ocrx_word' id='word_1_220' title='bbox 469 3419 553 3469; x_wconf 84' lang='lat' dir='ltr'><strong>matta</strong></span> <span class='ocrx_word' id='word_1_221' title='bbox 575 3420 670 3469; x_wconf 72' lang='lat' dir='ltr'><strong>scribis</strong></span> <span class='ocrx_word' id='word_1_222' title='bbox 689 3438 794 3488; x_wconf 73' lang='lat' dir='ltr'><strong>penas</strong></span> <span class='ocrx_word' id='word_1_223' title='bbox 815 3421 874 3470; x_wconf 83' lang='lat' dir='ltr'><strong>lace</strong></span> <span class='ocrx_word' id='word_1_224' title='bbox 892 3421 1176 3487; x_wconf 80' lang='lat' dir='ltr'><strong>praetermittas,</strong></span> <span class='ocrx_word' id='word_1_225' title='bbox 1196 3417 1231 3471; x_wconf 84' lang='lat' dir='ltr'><strong>de</strong></span> <span class='ocrx_word' id='word_1_226' title='bbox 1249 3435 1292 3472; x_wconf 85' lang='lat' dir='ltr'><strong>re·</strong></span> 
     </span>
     <span class='ocr_line' id='line_1_29' title="bbox 188 3493 1292 3584; baseline -0.002 -15"><span class='ocrx_word' id='word_1_227' title='bbox 188 3515 242 3569; x_wconf 86' lang='lat' dir='ltr'><strong>bus</strong></span> <span class='ocrx_word' id='word_1_228' title='bbox 259 3513 458 3584; x_wconf 86' lang='lat' dir='ltr'><strong>philosophicis</strong></span> <span class='ocrx_word' id='word_1_229' title='bbox 477 3511 608 3580; x_wconf 88' lang='lat' dir='ltr'><strong>loquens;</strong></span> <span class='ocrx_word' id='word_1_230' title='bbox 628 3512 728 3567; x_wconf 90' lang='lat' dir='ltr'><strong>deinde</strong></span> <span class='ocrx_word' id='word_1_231' title='bbox 746 3514 835 3568; x_wconf 89' lang='lat' dir='ltr'><strong>Varro</strong></span> <span class='ocrx_word' id='word_1_232' title='bbox 856 3513 930 3583; x_wconf 91' lang='lat' dir='ltr'><strong>apud</strong></span> <span class='ocrx_word' id='word_1_233' title='bbox 942 3493 1102 3567; x_wconf 86' lang='lat' dir='ltr'><strong>Ciceronem</strong></span> <span class='ocrx_word' id='word_1_234' title='bbox 1120 3511 1200 3582; x_wconf 73' lang='lat' dir='ltr'><strong>12,ss</strong></span> <span class='ocrx_word' id='word_1_235' title='bbox 1218 3517 1292 3568; x_wconf 90' lang='lat' dir='ltr'><strong>satu-</strong></span> 
     </span>
     <span class='ocr_line' id='line_1_30' title="bbox 188 3609 1292 3680; baseline 0 -16"><span class='ocrx_word' id='word_1_236' title='bbox 188 3629 235 3664; x_wconf 87' lang='lat' dir='ltr'><strong>ras</strong></span> <span class='ocrx_word' id='word_1_237' title='bbox 256 3611 430 3664; x_wconf 88' lang='lat' dir='ltr'><strong>laudationes</strong></span> <span class='ocrx_word' id='word_1_238' title='bbox 450 3609 649 3678; x_wconf 87' lang='lat' dir='ltr'><strong>antiquitatum</strong></span> <span class='ocrx_word' id='word_1_239' title='bbox 673 3611 818 3680; x_wconf 88' lang='lat' dir='ltr'><strong>prooemia</strong></span> <span class='ocrx_word' id='word_1_240' title='bbox 843 3611 981 3680; x_wconf 88' lang='lat' dir='ltr'><strong>perhibet,</strong></span> <span class='ocrx_word' id='word_1_241' title='bbox 1011 3609 1080 3663; x_wconf 91' lang='lat' dir='ltr'><strong>nihil</strong></span> <span class='ocrx_word' id='word_1_242' title='bbox 1108 3610 1142 3663; x_wconf 88' lang='lat' dir='ltr'><strong>do</strong></span> <span class='ocrx_word' id='word_1_243' title='bbox 1169 3609 1292 3679; x_wconf 89' lang='lat' dir='ltr'><strong>philoso-</strong></span> 
     </span>
     <span class='ocr_line' id='line_1_31' title="bbox 188 3706 1291 3778; baseline -0.001 -17"><span class='ocrx_word' id='word_1_244' title='bbox 188 3709 272 3778; x_wconf 92' lang='lat' dir='ltr'><strong>phico</strong></span> <span class='ocrx_word' id='word_1_245' title='bbox 292 3708 411 3776; x_wconf 89' lang='lat' dir='ltr'><strong>quodam</strong></span> <span class='ocrx_word' id='word_1_246' title='bbox 428 3707 501 3761; x_wconf 92' lang='lat' dir='ltr'><strong>libro</strong></span> <span class='ocrx_word' id='word_1_247' title='bbox 522 3713 669 3776; x_wconf 86' lang='lat' dir='ltr'><strong>memorat;</strong></span> <span class='ocrx_word' id='word_1_248' title='bbox 699 3707 818 3777; x_wconf 90' lang='lat' dir='ltr'><strong>denique</strong></span> <span class='ocrx_word' id='word_1_249' title='bbox 840 3707 952 3762; x_wconf 86' lang='lat' dir='ltr'><strong>nonnisi</strong></span> <span class='ocrx_word' id='word_1_250' title='bbox 969 3707 1010 3760; x_wconf 87' lang='lat' dir='ltr'><strong>ita</strong></span> <span class='ocrx_word' id='word_1_251' title='bbox 1029 3707 1088 3762; x_wconf 90' lang='lat' dir='ltr'><strong>fere</strong></span> <span class='ocrx_word' id='word_1_252' title='bbox 1106 3710 1138 3760; x_wconf 88' lang='lat' dir='ltr'><strong>ut</strong></span> <span class='ocrx_word' id='word_1_253' title='bbox 1156 3707 1174 3759; x_wconf 90' lang='lat' dir='ltr'><strong>l.</strong></span> <span class='ocrx_word' id='word_1_254' title='bbox 1193 3707 1212 3760; x_wconf 90' lang='lat' dir='ltr'><strong>l.</strong></span> <span class='ocrx_word' id='word_1_255' title='bbox 1232 3706 1245 3759; x_wconf 97' lang='lat' dir='ltr'>I</span> <span class='ocrx_word' id='word_1_256' title='bbox 1265 3707 1291 3774; x_wconf 73' lang='grc'><strong>2,</strong></span> 
     </span>
     <span class='ocr_line' id='line_1_32' title="bbox 188 3802 1291 3873; baseline 0 -17"><span class='ocrx_word' id='word_1_257' title='bbox 188 3803 265 3872; x_wconf 81' lang='lat' dir='ltr'><strong>4sq.</strong></span> <span class='ocrx_word' id='word_1_258' title='bbox 287 3803 376 3856; x_wconf 89' lang='lat' dir='ltr'><strong>Varro</strong></span> <span class='ocrx_word' id='word_1_259' title='bbox 400 3803 516 3872; x_wconf 87' lang='lat' dir='ltr'><strong>exponit</strong></span> <span class='ocrx_word' id='word_1_260' title='bbox 543 3804 577 3858; x_wconf 95' lang='lat' dir='ltr'><strong>de</strong></span> <span class='ocrx_word' id='word_1_261' title='bbox 599 3803 774 3873; x_wconf 86' lang='lat' dir='ltr'><strong>philosophia</strong></span> <span class='ocrx_word' id='word_1_262' title='bbox 798 3806 826 3856; x_wconf 92' lang='lat' dir='ltr'><strong>et</strong></span> <span class='ocrx_word' id='word_1_263' title='bbox 850 3803 893 3857; x_wconf 86' lang='lat' dir='ltr'><strong>his</strong></span> <span class='ocrx_word' id='word_1_264' title='bbox 917 3804 1000 3857; x_wconf 87' lang='lat' dir='ltr'><strong>rebus</strong></span> <span class='ocrx_word' id='word_1_265' title='bbox 1024 3802 1111 3858; x_wconf 85' lang='lat' dir='ltr'><strong>latine</strong></span> <span class='ocrx_word' id='word_1_266' title='bbox 1136 3803 1291 3858; x_wconf 89' lang='lat' dir='ltr'><strong>scribendis</strong></span> 
     </span>
     <span class='ocr_line' id='line_1_33' title="bbox 187 3898 1289 3971; baseline 0 -19"><span class='ocrx_word' id='word_1_267' title='bbox 187 3916 296 3952; x_wconf 86' lang='lat' dir='ltr'><strong>reuera</strong></span> <span class='ocrx_word' id='word_1_268' title='bbox 311 3898 455 3968; x_wconf 82' lang='lat' dir='ltr'><strong>cogitauit,</strong></span> <span class='ocrx_word' id='word_1_269' title='bbox 469 3906 551 3970; x_wconf 89' lang='lat' dir='ltr'><strong>aptus</strong></span> <span class='ocrx_word' id='word_1_270' title='bbox 567 3907 628 3956; x_wconf 90' lang='lat' dir='ltr'><strong>erat</strong></span> <span class='ocrx_word' id='word_1_271' title='bbox 647 3901 723 3956; x_wconf 87' lang='lat' dir='ltr'><strong>cuius</strong></span> <span class='ocrx_word' id='word_1_272' title='bbox 743 3901 867 3971; x_wconf 84' lang='lat' dir='ltr'><strong>exemplo</strong></span> <span class='ocrx_word' id='word_1_273' title='bbox 888 3901 983 3956; x_wconf 90' lang='lat' dir='ltr'><strong>Cicero</strong></span> <span class='ocrx_word' id='word_1_274' title='bbox 1001 3901 1076 3955; x_wconf 85' lang='lat' dir='ltr'><strong>ciues</strong></span> <span class='ocrx_word' id='word_1_275' title='bbox 1094 3916 1157 3954; x_wconf 86' lang='lat' dir='ltr'><strong>suos</strong></span> <span class='ocrx_word' id='word_1_276' title='bbox 1173 3899 1289 3956; x_wconf 89' lang='lat' dir='ltr'><strong>meliora</strong></span> 
     </span>
     <span class='ocr_line' id='line_1_34' title="bbox 188 3994 1288 4068; baseline -0.001 -19"><span class='ocrx_word' id='word_1_277' title='bbox 188 3994 328 4049; x_wconf 86' lang='lat' dir='ltr'><strong>edoceret.</strong></span> <span class='ocrx_word' id='word_1_278' title='bbox 348 3997 471 4064; x_wconf 78' lang='lat' dir='ltr'><strong>aceedit,</strong></span> <span class='ocrx_word' id='word_1_279' title='bbox 490 3997 524 4052; x_wconf 90' lang='lat' dir='ltr'><strong>de</strong></span> <span class='ocrx_word' id='word_1_280' title='bbox 544 4015 597 4066; x_wconf 89' lang='lat' dir='ltr'><strong>quo</strong></span> <span class='ocrx_word' id='word_1_281' title='bbox 619 3998 723 4068; x_wconf 90' lang='lat' dir='ltr'><strong>optime</strong></span> <span class='ocrx_word' id='word_1_282' title='bbox 742 3997 775 4052; x_wconf 82' lang='lat' dir='ltr'><strong>A.</strong></span> <span class='ocrx_word' id='word_1_283' title='bbox 798 3997 829 4050; x_wconf 90' lang='lat' dir='ltr'><strong>B.</strong></span> <span class='ocrx_word' id='word_1_284' title='bbox 847 3996 966 4052; x_wconf 88' lang='lat' dir='ltr'><strong>Krische</strong></span> <span class='ocrx_word' id='word_1_285' title='bbox 985 3997 1047 4050; x_wconf 89' lang='lat' dir='ltr'><strong>ueb.</strong></span> <span class='ocrx_word' id='word_1_286' title='bbox 1070 3995 1181 4050; x_wconf 88' lang='lat' dir='ltr'><strong>Ciceros</strong></span> <span class='ocrx_word' id='word_1_287' title='bbox 1203 3995 1288 4050; x_wconf 78' lang='lat' dir='ltr'><strong>head.</strong></span> 
     </span>
     <span class='ocr_line' id='line_1_35' title="bbox 187 4091 1290 4165; baseline 0.002 -21"><span class='ocrx_word' id='word_1_288' title='bbox 187 4093 217 4146; x_wconf 90' lang='lat' dir='ltr'><strong>in</strong></span> <span class='ocrx_word' id='word_1_289' title='bbox 228 4091 370 4162; x_wconf 82' lang='lat' dir='ltr'><strong>Goetting.</strong></span> <span class='ocrx_word' id='word_1_290' title='bbox 381 4093 453 4148; x_wconf 86' lang='lat' dir='ltr'><strong>stud.</strong></span> <span class='ocrx_word' id='word_1_291' title='bbox 466 4093 535 4149; x_wconf 82' lang='lat'>1845</span> <span class='ocrx_word' id='word_1_292' title='bbox 547 4113 573 4165; x_wconf 88' lang='lat' dir='ltr'><strong>p.</strong></span> <span class='ocrx_word' id='word_1_293' title='bbox 585 4094 637 4148; x_wconf 84' lang='lat'><strong>175</strong></span> <span class='ocrx_word' id='word_1_294' title='bbox 654 4095 799 4160; x_wconf 87' lang='lat' dir='ltr'><strong>iudicauit,</strong></span> <span class='ocrx_word' id='word_1_295' title='bbox 817 4095 891 4164; x_wconf 92' lang='lat' dir='ltr'><strong>quod</strong></span> <span class='ocrx_word' id='word_1_296' title='bbox 905 4095 1091 4164; x_wconf 87' lang='lat' dir='ltr'><strong>fragmentum</strong></span> <span class='ocrx_word' id='word_1_297' title='bbox 1110 4110 1144 4145; x_wconf 87' lang='lat' dir='ltr'><strong>ex</strong></span> <span class='ocrx_word' id='word_1_298' title='bbox 1162 4092 1290 4147; x_wconf 68' lang='grc'><strong>11161161-</strong></span> 
     </span>
     <span class='ocr_line' id='line_1_36' title="bbox 186 4187 1289 4260; baseline 0.005 -21"><span class='ocrx_word' id='word_1_299' title='bbox 186 4187 265 4240; x_wconf 90' lang='lat' dir='ltr'><strong>ronis</strong></span> <span class='ocrx_word' id='word_1_300' title='bbox 285 4187 357 4240; x_wconf 90' lang='lat' dir='ltr'><strong>libro</strong></span> <span class='ocrx_word' id='word_1_301' title='bbox 377 4190 410 4242; x_wconf 91' lang='lat' dir='ltr'><strong>ab</strong></span> <span class='ocrx_word' id='word_1_302' title='bbox 432 4188 589 4260; x_wconf 87' lang='lat' dir='ltr'><strong>Augustino</strong></span> <span class='ocrx_word' id='word_1_303' title='bbox 609 4194 749 4256; x_wconf 87' lang='lat' dir='ltr'><strong>seruatum</strong></span> <span class='ocrx_word' id='word_1_304' title='bbox 768 4191 839 4244; x_wconf 89' lang='lat' dir='ltr'><strong>libro</strong></span> <span class='ocrx_word' id='word_1_305' title='bbox 860 4190 987 4244; x_wconf 88' lang='lat' dir='ltr'><strong>Tulliano</strong></span> <span class='ocrx_word' id='word_1_306' title='bbox 1013 4189 1047 4244; x_wconf 90' lang='grc'><strong>(16</strong></span> <span class='ocrx_word' id='word_1_307' title='bbox 1070 4188 1172 4243; x_wconf 90' lang='lat' dir='ltr'><strong>finibus</strong></span> <span class='ocrx_word' id='word_1_308' title='bbox 1192 4191 1289 4259; x_wconf 87' lang='lat' dir='ltr'><strong>quinto</strong></span> 
     </span>
     <span class='ocr_line' id='line_1_37' title="bbox 186 4281 1290 4354; baseline 0.002 -16"><span class='ocrx_word' id='word_1_309' title='bbox 186 4284 349 4354; x_wconf 89' lang='lat' dir='ltr'><strong>respondet,</strong></span> <span class='ocrx_word' id='word_1_310' title='bbox 369 4287 435 4354; x_wconf 89' lang='lat' dir='ltr'><strong>post</strong></span> <span class='ocrx_word' id='word_1_311' title='bbox 453 4300 555 4336; x_wconf 88' lang='lat' dir='ltr'><strong>aunum</strong></span> <span class='ocrx_word' id='word_1_312' title='bbox 572 4283 660 4352; x_wconf 86' lang='lat' dir='ltr'><strong>igitur</strong></span> <span class='ocrx_word' id='word_1_313' title='bbox 678 4281 730 4338; x_wconf 82' lang='lat'><strong>709</strong></span> <span class='ocrx_word' id='word_1_314' title='bbox 749 4283 882 4354; x_wconf 86' lang='lat' dir='ltr'><strong>seriptum</strong></span> <span class='ocrx_word' id='word_1_315' title='bbox 902 4301 961 4338; x_wconf 87' lang='grc'><strong>6666</strong></span> <span class='ocrx_word' id='word_1_316' title='bbox 981 4287 1095 4354; x_wconf 88' lang='lat' dir='ltr'><strong>oportet</strong></span> <span class='ocrx_word' id='word_1_317' title='bbox 1114 4285 1157 4353; x_wconf 86' lang='lat' dir='ltr'><strong>(ef.</strong></span> <span class='ocrx_word' id='word_1_318' title='bbox 1169 4286 1202 4341; x_wconf 88' lang='lat' dir='ltr'><strong>N.</strong></span> <span class='ocrx_word' id='word_1_319' title='bbox 1213 4286 1290 4340; x_wconf 88' lang='lat' dir='ltr'><strong>Mad·</strong></span> 
     </span>
    </p>
   </div>
   <div class='ocr_carea' id='block_1_6' title="bbox 187 4379 748 4450">
    <p class='ocr_par' dir='ltr' id='par_1_8' title="bbox 187 4379 748 4450">
     <span class='ocr_line' id='line_1_38' title="bbox 187 4379 748 4450; baseline -0.009 -15"><span class='ocrx_word' id='word_1_320' title='bbox 187 4381 238 4449; x_wconf 75' lang='lat' dir='ltr'><strong>vIg</strong></span> <span class='ocrx_word' id='word_1_321' title='bbox 256 4379 343 4450; x_wconf 86' lang='lat' dir='ltr'><strong>praef.</strong></span> <span class='ocrx_word' id='word_1_322' title='bbox 363 4381 417 4437; x_wconf 80' lang='lat' dir='ltr'><strong>Clo.</strong></span> <span class='ocrx_word' id='word_1_323' title='bbox 438 4380 473 4435; x_wconf 89' lang='lat' dir='ltr'><strong>de</strong></span> <span class='ocrx_word' id='word_1_324' title='bbox 492 4380 568 4435; x_wconf 88' lang='lat' dir='ltr'><strong>finib.</strong></span> <span class='ocrx_word' id='word_1_325' title='bbox 587 4379 748 4450; x_wconf 85' lang='lat' dir='ltr'><strong>pLVIIll).</strong></span> 
     </span>
    </p>
   </div>
   <div class='ocr_carea' id='block_1_7' title="bbox 0 0 1580 5142">
    <p class='ocr_par' dir='ltr' id='par_1_9' title="bbox 0 0 1580 5142">
     <span class='ocr_line' id='line_1_39' title="bbox 0 0 1580 5142; baseline 0 2"><span class='ocrx_word' id='word_1_326' title='bbox 0 0 1580 5142; x_wconf 95' lang='lat' dir='ltr'><strong> </strong></span> 
     </span>
    </p>
   </div>
  </div>
 </body>
</html>
