3152 5142
811 467 850 524 36

289 643 340 707 dci
365 645 454 730 10)¹)
490 656 523 712 at
543 655 636 728 ipitar
656 653 733 713 orarii
753 655 924 712 munitiores
947 655 1040 712 essent
1061 654 1098 712 ab
1118 653 1232 712 iabrria
1252 671 1300 714 eos
1322 655 1384 714 ciii·

285 775 368 816 oram
391 759 562 832 teporiaibaa
580 760 706 818 oecaiait
724 761 802 818 aride
823 759 921 818 oeulos
941 759 1033 817 dictos
1052 775 1114 818 esse
1133 759 1262 820 Varroni
1277 762 1384 834 placet.

284 885 353 925 aare
381 872 407 926 et
437 869 520 941 ipsae
545 861 861 942 propraeceptam
888 870 1034 928 mobilitas
1061 871 1136 928 inest
1169 874 1196 928 et
1227 869 1385 943 palpitatio

284 976 458 1035 poematum
488 978 597 1046 tribuit,
631 979 704 1049 pitis
732 981 765 1036 ia
794 979 897 1036 ardiae
928 979 1073 1036 stantibus
1102 977 1240 1050 animae,
1271 983 1383 1052 septam

285 1088 377 1146 oratis
397 1088 629 1147 decentissimam
649 1090 800 1161 praebent.
843 1081 996 1167 Denique
1022 1081 1071 1144 de'
1086 1103 1235 1168 oxygaro
1275 1081 1383 1164 (Mart.

286 1189 448 1271 11150‚4)
482 1189 537 1253 uel
571 1190 766 1274 oxycomina
804 1189 947 1275 (Patron.
971 1191 1088 1275 fragm.
1108 1189 1206 1276 Trag.
1233 1191 1273 1254 66
1298 1213 1329 1277 p.
1345 1191 1385 1254 79

285 1298 425 1382 Buech.)
447 1298 502 1362 uel
526 1298 623 1383 simili
652 1298 830 1385 liquamine
863 1307 957 1364 acuto
994 1298 1048 1382 (cf.
1074 1297 1156 1364 Cato
1182 1298 1222 1364 de
1244 1321 1281 1363 re
1304 1307 1384 1364 rust.

287 1409 357 1473 117.
373 1406 446 1490 118)
459 1407 580 1472 dixisse
590 1407 720 1472 uidetur
738 1407 863 1491 11131).
889 1429 1008 1493 gracco
1022 1407 1124 1471 ucrbo
1138 1401 1208 1482 ὅξος
1221 1407 1384 1474 rarissime

286 1519 462 1604 scriptores
484 1517 574 1583 latini
598 1517 646 1582 usi
670 1527 755 1600 sunt,
790 1518 913 1582 cliuum
934 1540 993 1604 pro
1024 1517 1096 1582 olco
1121 1518 1246 1604 antiqui
1268 1527 1385 1605 poetae

288 1625 337 1710 (ut
358 1629 463 1693 Plaut.
486 1628 605 1695 Pseud.
633 1628 704 1692 301.
726 1627 823 1692 Lucr.
842 1627 962 1694 11391.
987 1626 1105 1694 Catull.
1119 1627 1148 1713 6,
1165 1628 1197 1707 8)
1218 1628 1373 1693 dixerunt

287 1737 374 1820 quod
395 1736 612 1822 posteriorum
633 1737 755 1825 aliquot
777 1736 953 1802 imitantur.

385 1846 500 1911 Restat
526 1847 610 1912 liber
628 1848 684 1912 ille
710 1846 763 1934 qui
795 1847 884 1933 quasi
907 1846 1154 1931 prooemium
1179 1856 1281 1912 totum
1304 1870 1385 1934 opus

287 1955 527 2020 exordiebatur.
546 1956 724 2022 orationem
739 1977 810 2021 esse
822 1965 936 2020 natura
947 1956 1141 2042 tripartitam
1152 1956 1384 2021 ibiVarronem

289 2063 490 2150 exposuisse,
511 2064 603 2128 initio
623 2064 697 2129 libri
710 2065 816 2129 octaui
829 2065 986 2150 probatur
997 2065 1052 2128 ubi
1065 2064 1126 2128 hoc
1136 2073 1168 2130 ia
1183 2074 1387 2145 superioribas

286 2179 372 2237 tibris
395 2171 462 2258 legi
486 2171 574 2252 dicit,
608 2173 659 2237 cui
682 2172 730 2236 rei
753 2173 810 2236 uix
834 2171 992 2259 aptiorem
1014 2173 1123 2237 locum
1153 2172 1310 2239 inuenies.
1344 2174 1385 2238 de
1422 2157 1424 2164 ¹

286 2280 440 2344 uniuersa
464 2302 544 2368 ergo
576 2281 720 2346 oratione
749 2282 830 2368 cgit3
865 2305 928 2368 quo
958 2283 1032 2348 loco
1064 2284 1104 2350 dc
1132 2283 1268 2366 ratione,
1304 2305 1387 2367 quac

287 2389 373 2455 inter
396 2411 449 2454 res
473 2399 506 2454 et
527 2391 629 2455 uerba
647 2390 841 2474 intercedat,
873 2392 906 2458 in
931 2413 993 2478 qua
1020 2373 1058 2456 re
1082 2392 1179 2457 cardo
1208 2392 1307 2456 totius
1331 2393 1386 2456 do·

287 2499 409 2564 ctrinae
426 2499 602 2566 stoicorum
617 2501 763 2582 uertitur,
784 2525 851 2567 non
866 2501 972 2589 potuit
988 2525 1053 2584 nor}
1070 2502 1247 2589 disputare.
1269 2524 1386 2590 perop-

289 2618 427 2697 portune
445 2608 546 2695 igitur
569 2607 695 2693 accidit,
719 2619 755 2672 ut
778 2609 874 2674 ctiam
900 2610 987 2674 hunc
1007 2610 1113 2676 locum
1133 2610 1295 2694 quomodo
1315 2613 1387 2676 iere

287 2718 485 2799 tractaucrit‚
508 2739 550 2782 ex
563 2716 750 2802 Augustino
769 2717 799 2800 (f
814 2718 885 2801 .1*)
898 2740 1097 2804 cognoscere
1120 2719 1289 2805 possimus.
1312 2741 1386 2784 uer-

285 2827 365 2892 bum
374 2826 625 2910 uniuscuiusque
639 2824 687 2889 rei
699 2825 830 2911 signum
849 2849 920 2892 esse
931 2826 1051 2909 statuit,
1074 2828 1160 2914 quod
1180 2829 1219 2892 ab
1232 2827 1386 2894 audiente

288 2935 390 3021 p'ossit
409 2935 560 3022 intellegi
585 2961 603 3000 a
625 2937 778 3022 loquente
809 2936 980 3021 prolatum,
1014 2959 1109 3002 omne
1141 2957 1221 3022 crgo
1247 2937 1387 3002 uerbum

289 3067 419 3127 sonarc;
443 3045 484 3108 de
504 3067 584 3110 sono
606 3055 712 3110 autem
736 3044 829 3126 uerbi
850 3044 1041 3128 (stoicorum
1061 3046 1153 3111 locus
1176 3025 1250 3125 napi
1265 3046 1386 3126 φωνῆς)

288 3154 323 3218 in
339 3154 388 3218 his
411 3154 503 3219 libris
525 3177 592 3219 non
614 3176 684 3220 csse
706 3155 882 3240 agendum,
905 3156 962 3219 scd
987 3155 1027 3219 de
1051 3157 1153 3220 ucrbo
1177 3165 1333 3243 quantum
1356 3155 1385 3220 ci

289 3287 342 3329 res
362 3264 516 3350 quaedam
539 3265 682 3329 subiecta
706 3264 747 3328 sit
771 3264 961 3348 (stoicorum
975 3265 1068 3330 locus
1083 3261 1156 3343 napi
1168 3261 1386 3344 πραγμάτων).

288 3373 434 3459 sequitur
456 3374 580 3439 lubrica
600 3373 656 3438 illa
679 3395 788 3438 rorum
810 3375 1050 3461 uerborumque
1072 3373 1268 3456 coniunctio,
1303 3395 1386 3457 quae

289 3482 379 3567 quasi
400 3505 460 3569 per
484 3483 605 3570 gradus
630 3482 785 3571 quosdam
807 3484 945 3548 uerbum
967 3482 1100 3548 dicibile
1121 3482 1297 3548 dictionem
1315 3503 1385 3546 rem

287 3592 506 3680 amplectitur,
523 3614 606 3680 quac
616 3592 777 3657 uocabula
787 3590 915 3677 graecis
930 3588 1021 3673 φωνὴ
1033 3587 1140 3652 λεκτὸν
1156 3591 1238 3664 λέξις
1253 3592 1385 3672 πρᾶγμα

388 3793 415 3860 1)
433 3791 623 3862 Etymologias
641 3792 670 3844 in
688 3791 877 3845 hocLactanti
894 3793 990 3845 libello
1008 3791 1104 3846 obuias
1118 3809 1167 3844 cur
1180 3809 1236 3844 non
1250 3790 1285 3844 ad
1298 3791 1386 3845 libros

288 3889 322 3942 de
344 3889 397 3941 1.1,
418 3889 590 3956 rettulerim,
613 3888 738 3957 quamuis
765 3907 824 3958 cap.
841 3889 866 3941 V
886 3888 953 3941 libri
981 3888 1017 3942 ad
1041 3888 1203 3942 Ciceronem
1227 3887 1385 3957 laudentur,

289 4004 361 4039 nunc
381 3989 511 4040 accurate
531 4003 671 4054 exponere
689 3986 803 4054 longum
821 3995 872 4039 est.
902 3986 988 4039 uerbo
1007 4002 1106 4038 moneo
1125 4002 1220 4038 omnes
1241 3984 1276 4037 ad
1297 3984 1407 4038 homi--

287 4099 354 4134 num
373 4083 495 4136 membra
514 4081 655 4150 pertinere
680 4085 709 4134 et
732 4098 797 4134 cum
823 4079 961 4134 artissime
986 4080 1061 4134 inter
1084 4098 1114 4134 se
1133 4081 1301 4134 cohaereant
1322 4099 1385 4135 cum

287 4179 349 4232 loco
369 4197 429 4248 cap.
447 4179 481 4232 12
507 4179 554 4247 (ci.
575 4178 718 4244 censorin.
740 4179 774 4230 de
793 4178 838 4230 die
855 4182 913 4230 nat.
932 4177 958 4242 6,
976 4179 1004 4244 1)
1024 4178 1060 4230 ad
1079 4177 1257 4232 Tuberonem
1276 4179 1310 4231 de
1329 4179 1385 4232 ori·

288 4276 352 4345 gine
371 4276 490 4330 humana
508 4277 553 4344 (cf.
574 4276 715 4330 Censorio.
735 4276 795 4341 s,1.
815 4275 923 4329 Ritachl
941 4274 976 4328 de
997 4275 1078 4329 Varr.
1096 4275 1190 4344 logist.
1209 4293 1236 4344 p.
1245 4275 1295 4344 ΧΙ)
1314 4273 1384 4328 refe·

287 4374 388 4427 rendae
408 4390 476 4426 esse.
