3152 5142
711 439 748 494 41

187 614 309 680 firmius
331 624 558 702 argumentum
572 637 644 680 esse
663 619 707 704 (p.
721 616 766 695 X)
790 613 1034 700 dispositionem
1056 613 1131 679 libri
1153 613 1281 703 septimi

186 747 250 788 non
264 747 398 811 prorsus
415 749 488 790 eum
505 725 664 792 diuisione
679 726 782 813 quinti
794 724 945 810 sextique
958 731 1205 809 congruentem,
1229 724 1282 787 uel

187 834 285 898 exeis
305 855 387 918 quae
401 835 442 898 de
456 835 541 900 libro
557 835 642 900 VIII
653 837 801 902 etVIIII
824 835 984 923 disputaui
1009 833 1189 922 adparetll.
1215 832 1282 897 Ad-

187 940 362 1008 ditamenta
386 966 465 1008 uero
495 944 555 1009 tria
582 969 613 1032 p.
627 945 711 1010 VIII
728 969 774 1032 sq.
803 945 998 1031 significauit
1033 944 1121 1028 (narn
1147 965 1164 1008 e
1197 940 1279 1006 loeis

185 1051 235 1117 VI
247 1051 287 1115 70
307 1075 339 1138 p.
358 1052 429 1140 247.
451 1055 484 1118 X
498 1053 536 1118 18
559 1078 589 1141 p.
609 1054 672 1118 554
692 1077 738 1140 sq.
762 1053 840 1118 nihil
875 1054 985 1140 colligi
1014 1074 1112 1141 ¹posse
1143 1051 1281 1137 quisque

185 1158 300 1244 uidet),
322 1161 363 1224 da
384 1183 522 1246 quorum
541 1163 649 1248 tertio,
669 1187 742 1228 nam
763 1163 843 1229 duos
865 1164 903 1230 L.
921 1161 1069 1250 Spengel
1092 1162 1112 1228 l.
1125 1162 1145 1226 l.
1159 1183 1189 1247 p.
1203 1161 1241 1224 19
1263 1183 1282 1222 a

186 1269 336 1335 Muelleri
350 1270 666 1340 incriminationibus
676 1274 863 1358 uindicauit‚
884 1297 988 1361 pauca
1004 1272 1131 1354 addam,
1146 1293 1186 1336 ne
1205 1269 1282 1355 quid

185 1379 223 1442 ab
250 1401 289 1442 eo
321 1380 484 1466 prolatum
512 1381 668 1446 intactum
698 1383 887 1468 relinquam.
921 1391 1011 1447 reete
1043 1381 1207 1446 intellexit
1235 1382 1281 1466 (p.
1330 1439 1339 1451 ,

186 1487 298 1566 VIIII)
320 1488 425 1552 locum
448 1473 497 1553 VI
508 1490 551 1554 44
571 1514 602 1578 p.
615 1491 676 1556 222
693 1515 739 1579 sq.
764 1503 800 1557 ut
822 1492 857 1556 in
879 1491 994 1557 codice
1018 1490 1157 1578 scriptus
1181 1497 1282 1572 extat,

186 1621 204 1659 a
232 1597 392 1685 scriptore
421 1602 603 1686 profectum
630 1623 798 1667 nonense.
832 1625 904 1667 cunr
928 1611 960 1666 ot
982 1624 1013 1687 p.
1032 1599 1093 1665 223
1119 1609 1151 1664 et
1174 1621 1205 1684 p.
1221 1599 1283 1664 225

185 1707 284 1770 uerba
307 1708 439 1774 memini
461 1719 493 1773 ct
516 1718 662 1774 metuere
686 1710 855 1796 explicari,
885 1711 971 1776 illius
994 1719 1102 1775 autem
1123 1709 1282 1794 interpre-

186 1814 324 1880 tationes
346 1817 432 1882 inter
456 1840 491 1881 se
514 1817 701 1906 discrepare
724 1817 861 1900 uideret,
883 1819 925 1882 ad
949 1819 1166 1883 coniecturam
1190 1839 1292 1897 suam,

185 1923 332 2010 confugit
353 1925 434 1989 haee
460 1927 562 1991 altero
593 1928 678 2010 loco,
715 1925 792 1992 olim
822 1927 856 1992 in
889 1927 1037 2014 margine
1071 1952 1089 1990 a
1122 1926 1282 2014 scriptore

185 2032 304 2116 addita,
338 2056 510 2122 perperam
536 2037 570 2102 in
594 2047 720 2102 textum
742 2037 919 2124 inrepsisse
947 2047 981 2101 et
1004 2019 1087 2124 quae
1109 2036 1143 2100 in
1166 2034 1281 2100 codice

184 2144 228 2210 ita
251 2168 286 2210 sc
309 2146 486 2235 excipiunt,
508 2159 543 2214 ut
563 2151 729 2215 breuitatis
753 2173 847 2216 eausa
871 2151 940 2216 eius
961 2150 1174 2238 paragraphis
1197 2157 1281 2232 utar,

184 2254 234 2318 43.
256 2255 502 2324 44-49-46,
527 2259 576 2323 47.
600 2259 846 2344 48-45-50,
874 2260 919 2326 sic
943 2258 1141 2346 transposuit
1165 2268 1201 2322 ut
1229 2282 1282 2345 pa·

185 2365 421 2451 ragraphorum
445 2367 487 2432 49
509 2377 541 2431 et
561 2369 602 2434 45
625 2369 719 2434 sedes
738 2368 824 2433 inter
848 2390 882 2434 se
904 2377 1112 2457 permutaret.
1166 2368 1282 2454 legun·

186 2481 238 2536 tur
259 2473 302 2538 44
324 2497 355 2560 p.
368 2475 430 2539 222
451 2477 531 2542 hae'e
552 2489 595 2545 sic
620 2489 768 2546 reminisci
794 2505 858 2545 eum
881 2503 915 2544 eu
938 2504 1013 2560 quoe
1033 2487 1123 2544 tenuit
1145 2479 1225 2543 meus
1248 2501 1283 2542 uc

186 2591 324 2648 memoria
345 2591 497 2666 cogitando
517 2599 699 2669 repetuntur.
726 2595 794 2652 line
822 2596 908 2652 etium
927 2594 1103 2652 ommninisci
1123 2593 1239 2661 dictum,
1265 2607 1285 2648 u

186 2713 240 2754 eon
261 2700 287 2754 ct
308 2703 408 2768 mente
432 2717 496 2758 cum
514 2701 667 2774 pinsuntur
687 2703 719 2759 iu
739 2707 842 2775 mente,
865 2718 939 2774 quae
959 2719 1018 2760 non
1039 2705 1115 2770 sunt,
1140 2705 1168 2760 ei
1182 2701 1218 2758 ub
1231 2699 1284 2756 hoc

185 2805 262 2864 iliud
283 2809 361 2880 quod
383 2807 492 2866 dicitur
516 2811 645 2868 eminisci
667 2803 724 2886 (M.
746 2811 878 2868 reminisi
898 2801 994 2888 eod),
1017 2828 1082 2868 omn
1097 2811 1283 2868 commentum

183 2915 405 2986 pronuntietur.
439 2919 474 2975 ub
502 2919 602 2976 eodem
622 2923 715 2977 niente
736 2921 898 2978 meminisse
919 2919 1029 2978 dietum
1053 2922 1080 2976 et
1101 2933 1208 2986 umens,
1232 2919 1283 2990 qni

186 3040 206 3080 o
223 3027 316 3082 mente
335 3041 390 3081 suu
410 3025 568 3084 descendit.
601 3027 669 3085 ltine
690 3030 777 3086 etium
800 3031 894 3111 metito
925 3029 1046 3084 umutmn
1072 3025 1283 3098 quodammodo

184 3135 291 3190 motem
308 3133 356 3190 uei
374 3137 501 3193 metuisti
519 3137 662 3194 amouisti.
694 3139 736 3195 sie
764 3137 842 3209 quod
860 3135 992 3209 fripidus
1010 3137 1116 3202 timor,
1141 3134 1284 3190 tremuisti

186 3241 315 3300 timuisti.
337 3245 445 3300 tremor
460 3243 568 3301 dietum
590 3263 609 3301 u
628 3245 820 3302 similitudine
840 3244 921 3302 uocis
943 3259 1016 3315 quoe
1037 3245 1105 3300 tune
1120 3258 1184 3300 eum
1196 3239 1284 3298 ualde

185 3353 313 3408 tremunt
338 3355 473 3424 apparet,
507 3370 571 3422 eum
591 3355 677 3411 etiem
697 3355 730 3411 iu
750 3369 873 3425 corpore
897 3351 956 3424 pili
979 3355 1010 3408 eit
1032 3350 1126 3409 aristo
1146 3351 1179 3408 in
1200 3351 1285 3421 spico

184 3458 268 3516 ordei
286 3459 415 3518 torrent.
439 3453 519 3517 haee
541 3453 587 3518 sie
604 3454 682 3518 ferri
693 3476 758 3519 non
775 3476 870 3542 posse
885 3453 988 3517 uides.
1012 3451 1190 3517 accuratius
1207 3472 1283 3514 exa-

185 3561 320 3626 minanti
342 3561 583 3650 interpolatoris
606 3586 702 3627 manu
725 3563 901 3648 deprauata
917 3560 1184 3648 exsequentibus
1208 3580 1301 3624 esse·
1352 3567 1353 3570 ’

293 3864 318 3932 1)
337 3863 442 3918 Maiore
455 3881 518 3918 cum
531 3863 622 3933 specie
637 3863 766 3916 ueritatis
785 3881 850 3920 sane
867 3863 1084 3918 inconstantiam
1101 3861 1297 3915 terminorum-

183 3961 385 4030 doetrinaeque
406 3960 602 4029 grammaticae
627 3960 869 4029 incongruentiam
898 3959 1070 4029 protulisset,
1096 3975 1165 4028 quae
1191 3961 1284 4012 tamen

182 4057 223 4110 nil
252 4056 445 4110 demonstrant
471 4057 525 4110 nisi
544 4075 642 4126 parum
665 4057 808 4111 delinitam
833 4075 865 4110 ac
890 4056 986 4110 rudem
1005 4055 1052 4109 illo
1077 4060 1204 4124 tempore
1231 4053 1283 4107 lin·

183 4170 268 4222 guam
287 4152 403 4206 latinam
421 4153 450 4206 in
468 4154 758 4226 rebusxgrammatieis
785 4154 868 4206 luisse
892 4157 921 4206 et
947 4153 987 4206 in¹
1004 4151 1122 4206 diuersis
1146 4151 1283 4206 librorum

181 4249 312 4319 partibus
340 4249 466 4302 diuersos
500 4255 628 4305 auctores
660 4255 785 4304 secutum
819 4267 879 4304 esse
904 4249 1058 4304 Varronem
1091 4267 1219 4303 securum
1249 4247 1284 4302 de

182 4349 399 4416 praeceptorum
418 4345 612 4416 discrepantia.
