3126 5146
701 477 760 534 113

189 649 272 714 nihil
293 648 415 714 dehac
438 648 593 714 traditum
616 655 673 715 est.
700 648 957 737 praepositiones
977 657 1089 714 ‘contra
1104 671 1170 716 non
1187 671 1287 735 agno,

187 758 274 825 uisae
296 757 442 842 uidetur;
466 758 614 843 quamuis
636 757 722 824 enim
746 742 788 825 cd
808 765 845 824 ab
863 766 896 824 ia
914 781 959 837 ea,
982 757 1041 824 scd
1060 783 1094 824 re
1114 779 1244 847 quoque
1256 767 1289 824 et

188 877 224 932 ut
250 866 382 933 uidetur
407 875 454 934 dia
484 867 678 955 praeuerbia
702 861 790 932 dicat
816 867 871 951 (de
894 867 915 932 l.
929 867 951 932 l.
963 867 1016 934 VI
1031 867 1072 932 38
1094 890 1126 956 p.
1138 868 1287 953 hlisq.)‚

189 974 284 1041 eain
307 977 391 1044 libro
417 987 532 1044 nostro
563 977 721 1043 aduerbia
749 977 865 1045 localia
890 975 1082 1063 adpellauit.
1125 977 1168 1043 ad
1198 977 1286 1044 hunc

188 1083 274 1150 enim
295 1086 462 1172 pertinere
485 1085 626 1152 arbitror
650 1107 732 1171 quae
758 1084 800 1150 ad
829 1085 953 1152 calcem
975 1084 1091 1154 Scauri
1112 1085 1153 1151 de
1175 1085 1283 1152 ortho-

188 1194 328 1284 graphia
346 1218 378 1283 p.
398 1195 481 1260 2262
500 1219 547 1283 sq.
582 1195 738 1282 leguntur
761 1196 918 1281 nulloque
941 1195 1075 1262 uinculo
1098 1219 1172 1262 cum
1194 1217 1286 1285 prae-

187 1303 286 1370 missa
307 1305 513 1393 expositione
535 1305 709 1370 coniuncta
730 1313 813 1371 sunt.
836 1305 878 1370 ad
892 1305 993 1370 finem
1011 1305 1098 1372 enim
1112 1305 1177 1370 iam
1190 1315 1285 1372 antea

187 1411 331 1482 Scaurus
351 1413 472 1478 librum
495 1413 697 1502 perduxerat
718 1435 750 1500 p.
761 1413 844 1480 2262
862 1413 953 1480 ‘haec
968 1424 1043 1480 sunt
1055 1435 1138 1499 quae
1153 1414 1286 1502 urgenti

186 1529 336 1609 tempore
358 1522 533 1611 complecti
555 1522 614 1589 tibi
636 1521 670 1588 in
691 1522 876 1610 praesentia
891 1523 982 1611 potui
993 1523 1140 1607 Thescu3
1165 1523 1287 1610 siquid

189 1631 349 1720 exemplis
362 1632 522 1698 defecerit
530 1632 587 1697 uel
598 1633 841 1718 quaestionibus
853 1633 1080 1721 subiungatur,
1099 1657 1185 1716 nam,
1198 1632 1285 1722 quod

187 1740 227 1806 ad
250 1763 322 1808 rem
342 1741 482 1827 maxime
504 1741 648 1829 pertinet
667 1742 816 1829 regulam
838 1743 952 1810 uidcs¹.
992 1742 1111 1810 deinde
1134 1743 1287 1811 continuo

187 1860 341 1917 secuntur
366 1850 525 1938 quaedam
543 1851 584 1916 de
604 1850 763 1938 scriptura
777 1850 924 1918 aduerbii
938 1851 1177 1938 tomporiseam,
1203 1871 1285 1937 quae

187 1958 396 2046 excipiuntur
419 1959 571 2046 longiore
591 1959 812 2048 disputatione
836 1958 877 2026 de
901 1960 1067 2028 aduerbiis
1092 1961 1249 2028 localibus
1269 1981 1287 2028 e

189 2069 339 2135 Varrone
361 2069 538 2157 exscripta,
560 2069 700 2155 denique
734 2068 879 2136 adiectae
911 2079 988 2139 sunt
1023 2071 1141 2137 breues
1177 2073 1285 2138 obser·

187 2178 335 2245 nationes
365 2177 639 2264 orthographicas
669 2187 701 2243 et
732 2177 875 2244 secunda
895 2177 1049 2264 clausula,
1077 2201 1142 2267 qua
1164 2180 1284 2246 iterum

186 2287 357 2354 breuitatis
378 2287 507 2354 ueniam
530 2287 614 2376 petit
635 2287 690 2376 qui
712 2309 784 2352 eam
806 2287 948 2374 scripsit.
970 2287 1029 2354 uix
1051 2289 1210 2357 credibile
1233 2299 1283 2356 est

186 2395 350 2466 Scaurum
378 2407 444 2462 tam
470 2399 689 2484 neglegenter
709 2397 811 2462 libros
835 2420 911 2463 suos
932 2399 1152 2485 conposuisse,
1188 2423 1285 2488 quam

163 2507 229 2572 'ob
251 2527 322 2572 rem
343 2507 383 2572 ab
411 2506 475 2572 alio
506 2507 647 2593 quodam
675 2506 816 2591 homine,
844 2505 899 2592 qui
920 2505 1017 2572 simul
1038 2505 1155 2576 Scauri
1178 2509 1282 2597 epilo-

184 2637 263 2702 gum
287 2609 470 2706 discerpsit,
491 2617 548 2682 illa
567 2616 760 2705 interposita
782 2637 854 2682 esse
873 2617 1032 2705 suspicor.
1053 2617 1112 2683 sed
1136 2618 1283 2706 quisquis

183 2725 240 2791 ille
261 2735 339 2807 erat,
362 2726 445 2790 bene
469 2725 510 2791 de
532 2726 626 2792 nobis
647 2725 776 2810 meruit,
800 2725 888 2811 quod
910 2735 977 2791 tam
990 2726 1192 2794 luculentum
1205 2749 1280 2815 pan·

183 2856 262 2900 num
282 2834 451 2902 doctrinae
471 2835 695 2902 Varronianae
717 2834 811 2902 nobis
833 2835 987 2902 seruauit.
1033 2835 1194 2922 expositio
1223 2837 1279 2904 illa

184 2943 228 3010 de
258 2942 422 3010 aduerbiis
444 2944 587 3010 Varroni
621 2943 743 3010 diserte
783 2943 979 3010 adscribitur
1010 2965 1145 3030 eamque
1181 2955 1282 3012 totam

184 3053 363 3120 interiectis
386 3054 579 3140 quibusdam
608 3053 725 3120 alicnis
754 3075 772 3118 e
794 3053 946 3120 Varrone
978 3053 1113 3122 fluxisse
1139 3053 1224 3120 uidit
1245 3055 1282 3124 O.

182 3162 373 3229 Lachmann
406 3163 448 3230 ad
479 3163 576 3230 Lucr.¹
606 3163 658 3229 ΠΙ
673 3163 735 3229 835
767 3187 800 3251 p.
822 3163 902 3229 186:
938 3163 1025 3229 ‘sunt
1062 3172 1169 3230 autem
1199 3165 1281 3232 ‘illae

183 3281 250 3340 tres
273 3273 420 3341 Putschii
442 3273 582 3360 paginae
605 3283 781 3363 excerptae
807 3274 930 3340 alibro
953 3273 1122 3357 Varronis,
1153 3274 1212 3342 sed
1232 3276 1281 3344 in·

183 3384 365 3472 terpolatae
385 3384 425 3448 iis
449 3405 532 3472 quae
556 3383 619 3451 alio
643 3383 741 3450 modo
763 3392 922 3471 concepta
943 3383 1101 3469 leguntur
1122 3385 1157 3449 in
1175 3408 1282 3471 gram·

185 3493 309 3560 matiois
329 3493 547 3559 Eichenfeldii
567 3517 598 3582 p.
609 3493 693 3559 452².
719 3493 840 3582 optime
864 3491 952 3558 enim
973 3492 1140 3558 intellexit
1160 3517 1179 3560 a
1199 3494 1281 3560 Var

183 3625 263 3669 rone
288 3627 355 3670 non
374 3606 524 3692 profecta
559 3626 631 3669 esse
662 3625 745 3689 quae
777 3605 878 3670 nimia
905 3604 1104 3670 uerbositate
1137 3604 1178 3670 de
1202 3607 1281 3673 scri·

183 3712 300 3780 bendis
323 3737 339 3781 e
360 3713 415 3778 uel
440 3739 483 3792 ea,
507 3737 527 3780 o
547 3714 602 3779 uel
624 3721 660 3779 ab
682 3735 715 3800 p.
726 3712 810 3780 2262
823 3737 871 3801 sq.
895 3713 1052 3801 leguntur
1073 3723 1106 3780 et
1129 3713 1282 3782 similiter

184 3844 201 3887 e
226 3822 340 3889 codice
365 3823 512 3889 Parisino
537 3823 618 3888 7520
639 3847 657 3888 a
675 3822 989 3889 Vindobonensibus
1014 3823 1102 3888 edita
1123 3831 1207 3890 sunt.
1230 3824 1281 3890 his

182 3931 284 4018 igitur
306 3931 438 3998 reiectis
449 3935 474 4016 ¹)
493 3931 620 4018 reliqua
636 3932 720 3998 libro
736 3931 777 3997 de
791 3927 1002 4020 grammatica
1013 3933 1065 4015 (fr.
1073 3933 1148 4018 101)
1162 3933 1281 4018 tribuo,

282 4172 309 4240 1)
329 4171 424 4226 Etiam
438 4144 520 4241 'qnae
543 4170 617 4226 hane
640 4169 858 4240 disputationem
877 4168 1019 4238 excipiunt
1037 4169 1075 4239 (p.
1084 4167 1166 4237 2264)
1185 4168 1221 4224 de
1239 4185 1282 4223 re·

182 4267 233 4324 bus
251 4267 475 4338 orthographicis
490 4267 684 4324 Lachmannus
703 4267 740 4322 ad
758 4267 915 4322 Varronem
933 4265 1052 4320 rettulit.
1091 4265 1141 4320 sed
1156 4265 1281 4334 quamuis

182 4379 232 4433 per
250 4381 279 4418 se
299 4363 446 4433 probabile
464 4363 593 4419 uideatur
620 4362 715 4420 omnia
737 4362 971 4434 interpolatorem
993 4378 1028 4418 cx
1051 4378 1107 4415 uno
1126 4361 1279 4430 eodemque

1083 4458 1100 4512 8
