3152 5142
766 427 858 534 ‘46

291 657 437 724 efficitur.
462 655 611 722 consulto
633 653 720 720 enim
742 653 802 720 hos
824 652 926 718 libros
942 652 1102 737 neglexit,
1120 654 1387 743 quospraeeipue

290 765 332 832 ad
352 764 524 832 interiores
547 763 681 848 linguae
703 762 844 827 rationes
867 770 1026 848 spectare,
1056 785 1075 826 a
1106 784 1163 827 suo
1185 762 1287 848 igitur
1311 785 1387 828 eon·

291 873 362 939 silio
383 872 507 938 alienos
532 893 603 938 esse
626 881 659 937 et
682 869 764 936 nihil
788 868 864 934 inde
889 869 972 934 sumi
1000 890 1097 956 posse
1121 871 1208 957 quod
1229 895 1296 937 non
1320 893 1385 936 me-

292 981 354 1046 lius
375 981 505 1091 aliupde
530 979 740 1046 intellexerit.
764 979 798 1044 in
812 979 1024 1064 sequentibus
1040 981 1240 1067 temporibus
1253 982 1278 1060 ¹)
1299 980 1389 1045 nulla

291 1091 449 1158 librorum
471 1101 657 1156 nostrorum
678 1088 818 1173 uestigia
839 1087 989 1176 indagari
1013 1111 1120 1176 posse,
1145 1091 1219 1178 quia
1244 1090 1386 1154 omnium

292 1199 346 1284 qui
371 1199 489 1264 talibus
514 1199 610 1262 rebus
633 1197 827 1264 studuerunt
850 1197 958 1262 omnia
983 1198 1103 1284 scripta
1123 1198 1290 1285 perierint,
1321 1220 1388 1263 non

292 1308 450 1394 estquod
473 1331 633 1374 moneam.
657 1317 770 1394 postea
789 1307 957 1374 Remmius
977 1307 1165 1392 Palaemon,
1187 1309 1237 1374 cui
1260 1305 1387 1390 Quinti-

290 1418 414 1484 lianum
437 1417 632 1504 discipulum
640 1417 799 1484 Varronis
816 1416 1068 1502 inpugnationes
1083 1417 1204 1482 debere
1226 1419 1388 1502 existima,

291 1526 416 1592 Plinius
440 1525 568 1594 Gellius
593 1548 648 1594 eos
672 1535 863 1593 tractarunt.

389 1683 617 1767 Ἐπιτομὴν
646 1686 697 1751 de
729 1686 881 1772 lingua
910 1687 1049 1752 latina
1077 1709 1120 1753 ex
1145 1688 1236 1752 libris
1261 1687 1388 1775 (X)XV

291 1797 497 1862 librosVIlH
510 1788 604 1886 quam
622 1819 687 1860 non
697 1796 759 1861 nisi
774 1818 815 1860 cx
828 1795 1022 1880 Hieronymi
1037 1797 1143 1862 indice
1164 1797 1325 1880 nouimus,
1345 1797 1389 1862 ita

293 1908 332 1974 ad
359 1907 461 1970 maius
486 1930 567 1994 opus
589 1905 862 1970 accommodatam
893 1904 1003 1988 fuisso,
1030 1915 1066 1969 ut
1098 1905 1275 1993 praemisso
1305 1906 1388 1971 libro
1490 1889 1492 1894 ι

292 2015 451 2101 singulari
473 2015 572 2080 ternis
594 2015 681 2080 illius
705 2015 796 2078 libris
821 2013 944 2099 singuli
968 2015 1128 2102 epitomae
1154 2015 1390 2104 responderent

291 2123 488 2190 Ritschelius
501 2147 576 2188 nou.
589 2148 669 2188 mus,
682 2123 743 2190 Rh.
756 2123 808 2188 VI
824 2147 855 2210 p.
866 2123 927 2187 527
942 2123 1152 2211 probabiliter
1167 2125 1285 2190 statuit.
1308 2124 1389 2188 tales

294 2233 454 2321 epitomae
477 2231 659 2318 amplorum
682 2253 817 2319 operum
840 2255 991 2296 nonraro
1009 2243 1193 2298 occurrunt.
1218 2233 1390 2302 Philocho-

292 2365 348 2407 rus
376 2337 527 2422 ἐπιτομὴν
555 2341 611 2419 τῆς
642 2337 727 2416 ι’ὃιάς
757 2339 916 2416 Ἀτθίδος,
947 2342 1098 2427 Phlegon
1128 2343 1311 2411 Trallianus
1333 2343 1389 2407 uel

292 2451 370 2516 duas
394 2445 616 2528 Ὀλυμπιάδων
638 2449 708 2514 siue
730 2447 977 2530 Ὀλυμπιονικῶν
998 2451 1139 2538 scripsit,
1171 2449 1387 2538 Theophrasti

292 2570 324 2623 et
350 2557 527 2646 Chrysippi
551 2557 662 2644 plures
686 2567 916 2634 memorantur.
963 2559 1167 2644 grammatici
1194 2569 1226 2624 et
1252 2559 1388 2624 aliorum

291 2689 391 2756 opera
415 2675 647 2731 contraxerunt
667 2677 702 2732 ut
725 2666 951 2752 Diogenianus
975 2669 1138 2756 Pamphili
1169 2665 1276 2743 λέξεις,
1314 2668 1389 2736 Ari-

290 2766 648 2842 stodemusHerodiaui
670 2774 853 2860 καθυλικήν,
877 2776 1207 2845 SerenusPhiloxeni
1232 2776 1305 2856 περὶ
1328 2779 1389 2838 τῶν

291 2889 367 2966 nap’
390 2879 515 2966 Ὁμήρῳ
536 2885 699 2966 γλωσσῶν,
723 2895 755 2950 ct
778 2884 934 2972 ipsorum,
956 2895 992 2950 ut
1003 2885 1147 2952 Nicanor
1170 2909 1211 2952 ex
1233 2886 1326 2952 libris
1338 2884 1389 2950 VI

292 2995 366 3076 aspi
389 2994 520 3077 στιγμῆς
541 2993 595 3075 τῆς
616 2991 757 3055 καθόλου
780 2996 876 3060 unius
898 2995 974 3058 libri
997 2996 1161 3083 epitomen
1186 2995 1274 3080 fecit,
1301 2995 1387 3080 quod

291 3130 350 3171 cur
379 3105 484 3193 ipsum
515 3104 715 3192 praestitisse
749 3104 947 3169 dubitauerit
968 3106 1029 3171 Th.
1052 3105 1199 3171 Beccard
1221 3107 1263 3170 d'e
1286 3105 1387 3170 schol.

290 3216 324 3281 in
346 3214 443 3280 Hom.
469 3213 562 3280 Iliad.
585 3212 671 3278 Ven.
695 3215 792 3299 pet,
828 3217 883 3299 qui
916 3217 997 3280 bene
1018 3215 1059 3280 de
1089 3215 1302 3302 epitomarum
1327 3238 1387 3279 usu

292 3325 479 3411 disputauit,
502 3348 568 3390 uon
590 3324 699 3390 uideo.
724 3326 959 3410 scribebantur,
978 3335 1015 3390 ut
1034 3347 1133 3414 opera
1146 3325 1321 3388 multorum
1333 3345 1389 3388 uo-

291 3435 461 3520 luminum,
484 3457 567 3520 quae
589 3435 702 3521 legere
726 3436 819 3500 multi
840 3435 968 3514 laboris
994 3456 1075 3520 quae
1089 3456 1197 3499 emere
1209 3457 1388 3522 paucorum

291 3548 374 3613 bene
402 3555 641 3612 nummatorum
664 3555 743 3629 erat,
769 3545 1034 3631 quamplurimis
1056 3546 1258 3632 patefierent.
1301 3543 1389 3608 idem

291 3655 399 3720 Varro
423 3654 578 3740 consequi
599 3654 713 3737 uoluit,
745 3664 781 3720 ut
805 3655 839 3719 hi
868 3655 942 3720 libri
975 3654 1132 3744 optimum
1156 3654 1388 3720 documentum

290 3763 364 3847 sint,
387 3772 542 3847 quantum
567 3763 596 3827 ei
616 3762 799 3829 interfuerit
821 3763 909 3828 eiucs
932 3785 1007 3828 suos
1028 3762 1176 3847 linguam
1192 3763 1387 3849 intellegere

290 3873 513 3956 rationemque
538 3871 668 3938 dicendi
701 3873 797 3960 plane
832 3881 1037 3959 perspectam
1061 3872 1163 3956 sequi.
1206 3893 1325 3960 nempe
1347 3870 1388 3935 ad

290 3983 377 4048 uitae
398 4005 493 4048 usum
517 3981 624 4045 omnia
645 3983 713 4046 eius
736 3983 842 4047 studia
865 3982 1063 4070 spectabant.
1106 3983 1158 4047 De
1186 3981 1279 4046 libris
1310 3980 1387 4066 ipsis

292 4091 372 4156 nihil
392 4098 526 4157 constat.

397 4281 423 4350 1)
442 4281 524 4350 Apud
549 4281 679 4334 Ouidium
698 4279 831 4334 nonnulla
857 4297 872 4333 a
894 4280 1020 4335 Varrone
1046 4281 1182 4334 translata
1205 4277 1389 4347 inuestigasse

292 4376 344 4431 sihi
366 4377 443 4430 uisus
461 4383 504 4430 est
521 4378 554 4430 R.
576 4377 682 4430 Merkel
700 4377 806 4445 proleg.
827 4375 905 4430 Ouid.
924 4377 988 4431 fast.
1007 4395 1034 4446 p.
1047 4377 1114 4432 CVI.
