<?xml version="1.0" encoding="UTF-8"?>
<!DOCTYPE html PUBLIC "-//W3C//DTD XHTML 1.0 Transitional//EN"
    "http://www.w3.org/TR/xhtml1/DTD/xhtml1-transitional.dtd">
<html xmlns="http://www.w3.org/1999/xhtml" xml:lang="en" lang="en">
 <head>
  <title>
</title>
<meta http-equiv="Content-Type" content="text/html;charset=utf-8" />
  <meta name='ocr-system' content='tesseract 3.04.00' />
  <meta name='ocr-capabilities' content='ocr_page ocr_carea ocr_par ocr_line ocrx_word'/>
</head>
<body>
  <div class='ocr_page' id='page_1' title='image "./demterentivarro00wilmgoog_0020.png"; bbox 0 0 3152 5142; ppageno 0'>
   <div class='ocr_carea' id='block_1_1' title="bbox 724 432 741 488">
    <p class='ocr_par' dir='ltr' id='par_1_1' title="bbox 724 432 741 488">
     <span class='ocr_line' id='line_1_1' title="bbox 724 432 741 488; baseline 0 0"><span class='ocrx_word' id='word_1_1' title='bbox 724 432 741 488; x_wconf 88' lang='grc'><strong>7</strong></span> 
     </span>
    </p>
   </div>
   <div class='ocr_carea' id='block_1_2' title="bbox 185 610 1345 1464">
    <p class='ocr_par' dir='ltr' id='par_1_2' title="bbox 185 610 1345 1464">
     <span class='ocr_line' id='line_1_2' title="bbox 188 610 1288 703; baseline 0.003 -30"><span class='ocrx_word' id='word_1_2' title='bbox 188 632 261 674; x_wconf 86' lang='lat' dir='ltr'><strong>cum</strong></span> <span class='ocrx_word' id='word_1_3' title='bbox 284 611 469 675; x_wconf 87' lang='lat' dir='ltr'><strong>uniuersam</strong></span> <span class='ocrx_word' id='word_1_4' title='bbox 497 611 537 676; x_wconf 93' lang='lat' dir='ltr'><strong>de</strong></span> <span class='ocrx_word' id='word_1_5' title='bbox 558 611 735 678; x_wconf 88' lang='lat' dir='ltr'><strong>uerborum</strong></span> <span class='ocrx_word' id='word_1_6' title='bbox 757 610 936 698; x_wconf 83' lang='lat' dir='ltr'><strong>generibus</strong></span> <span class='ocrx_word' id='word_1_7' title='bbox 962 619 995 674; x_wconf 89' lang='lat' dir='ltr'><strong>et</strong></span> <span class='ocrx_word' id='word_1_8' title='bbox 1016 610 1188 703; x_wconf 82' lang='lat' dir='ltr'>speciebus</span> <span class='ocrx_word' id='word_1_9' title='bbox 1211 610 1288 676; x_wconf 89' lang='lat' dir='ltr'><strong>doc-</strong></span> 
     </span>
     <span class='ocr_line' id='line_1_3' title="bbox 186 717 1288 804; baseline 0.003 -23"><span class='ocrx_word' id='word_1_10' title='bbox 186 717 314 801; x_wconf 83' lang='lat' dir='ltr'><strong>trinam,</strong></span> <span class='ocrx_word' id='word_1_11' title='bbox 343 727 411 784; x_wconf 91' lang='lat' dir='ltr'><strong>tum</strong></span> <span class='ocrx_word' id='word_1_12' title='bbox 436 741 569 786; x_wconf 89' lang='lat' dir='ltr'><strong>casuum</strong></span> <span class='ocrx_word' id='word_1_13' title='bbox 592 719 811 804; x_wconf 89' lang='lat' dir='ltr'><strong>obliquorum,</strong></span> <span class='ocrx_word' id='word_1_14' title='bbox 843 717 896 804; x_wconf 91' lang='lat' dir='ltr'><strong>qui</strong></span> <span class='ocrx_word' id='word_1_15' title='bbox 927 742 1000 786; x_wconf 90' lang='lat' dir='ltr'><strong>oum</strong></span> <span class='ocrx_word' id='word_1_16' title='bbox 1023 719 1134 784; x_wconf 88' lang='lat' dir='ltr'><strong>uerbis</strong></span> <span class='ocrx_word' id='word_1_17' title='bbox 1157 719 1288 785; x_wconf 89' lang='lat' dir='ltr'><strong>coniun-</strong></span> 
     </span>
     <span class='ocr_line' id='line_1_4' title="bbox 187 825 1287 917; baseline 0.004 -25"><span class='ocrx_word' id='word_1_18' title='bbox 187 837 309 914; x_wconf 88' lang='lat' dir='ltr'><strong>guntur</strong></span> <span class='ocrx_word' id='word_1_19' title='bbox 321 827 575 916; x_wconf 79' lang='lat' dir='ltr'>explicationem</span> <span class='ocrx_word' id='word_1_20' title='bbox 587 827 820 914; x_wconf 79' lang='lat' dir='ltr'>(L.D.V1164</span> <span class='ocrx_word' id='word_1_21' title='bbox 832 852 879 916; x_wconf 90' lang='lat' dir='ltr'><strong>sq.</strong></span> <span class='ocrx_word' id='word_1_22' title='bbox 897 825 1048 895; x_wconf 82' lang='lat' dir='ltr'><strong>Schmidt</strong></span> <span class='ocrx_word' id='word_1_23' title='bbox 1059 829 1080 893; x_wconf 93' lang='lat' dir='ltr'><strong>l.</strong></span> <span class='ocrx_word' id='word_1_24' title='bbox 1089 829 1110 893; x_wconf 93' lang='lat' dir='ltr'><strong>l.</strong></span> <span class='ocrx_word' id='word_1_25' title='bbox 1123 829 1287 917; x_wconf 81' lang='lat' dir='ltr'><strong>p.5lsq.).</strong></span> 
     </span>
     <span class='ocr_line' id='line_1_5' title="bbox 185 933 1286 1026; baseline -0.002 -25"><span class='ocrx_word' id='word_1_26' title='bbox 185 938 220 1001; x_wconf 93' lang='lat' dir='ltr'><strong>in</strong></span> <span class='ocrx_word' id='word_1_27' title='bbox 240 937 347 1026; x_wconf 77' lang='lat' dir='ltr'><strong>plenis</strong></span> <span class='ocrx_word' id='word_1_28' title='bbox 371 937 544 1004; x_wconf 69' lang='lat' dir='ltr'><strong>enuntiatis</strong></span> <span class='ocrx_word' id='word_1_29' title='bbox 568 934 733 1016; x_wconf 76' lang='grc' dir='ltr'><em>ἀξιώματα</em></span> <span class='ocrx_word' id='word_1_30' title='bbox 755 939 929 1026; x_wconf 90' lang='lat' dir='ltr'><strong>ponebant.</strong></span> <span class='ocrx_word' id='word_1_31' title='bbox 954 933 1080 1018; x_wconf 73' lang='grc' dir='ltr'><em>ἀξίωμα</em></span> <span class='ocrx_word' id='word_1_32' title='bbox 1105 938 1139 999; x_wconf 76' lang='grc' dir='ltr'><strong>δὲ</strong></span> <span class='ocrx_word' id='word_1_33' title='bbox 1160 933 1286 1000; x_wconf 73' lang='grc' dir='ltr'><em>ἐστινὸ</em></span> 
     </span>
     <span class='ocr_line' id='line_1_6' title="bbox 186 1040 1288 1130; baseline 0.001 -22"><span class='ocrx_word' id='word_1_34' title='bbox 186 1045 269 1108; x_wconf 79' lang='grc' dir='ltr'><em>ἐστιν</em></span> <span class='ocrx_word' id='word_1_35' title='bbox 294 1044 411 1128; x_wconf 73' lang='grc' dir='ltr'><strong><em>ἀληθὲς</em></strong></span> <span class='ocrx_word' id='word_1_36' title='bbox 437 1040 456 1127; x_wconf 80' lang='grc' dir='ltr'><strong><em>ἢ</em></strong></span> <span class='ocrx_word' id='word_1_37' title='bbox 478 1046 597 1126; x_wconf 74' lang='grc' dir='ltr'><em>ψεῦδος</em></span> <span class='ocrx_word' id='word_1_38' title='bbox 619 1043 638 1128; x_wconf 80' lang='grc' dir='ltr'><strong><em>ἢ</em></strong></span> <span class='ocrx_word' id='word_1_39' title='bbox 661 1047 793 1129; x_wconf 80' lang='grc' dir='ltr'><em>πρᾶγμα</em></span> <span class='ocrx_word' id='word_1_40' title='bbox 817 1045 979 1120; x_wconf 76' lang='grc' dir='ltr'><em>αὐτοτελὲς</em></span> <span class='ocrx_word' id='word_1_41' title='bbox 1005 1043 1188 1130; x_wconf 75' lang='grc' dir='ltr'><em>ἀποφαντὸν</em></span> <span class='ocrx_word' id='word_1_42' title='bbox 1210 1044 1288 1110; x_wconf 75' lang='grc' dir='ltr'><em>ὅσον</em></span> 
     </span>
     <span class='ocr_line' id='line_1_7' title="bbox 186 1145 1286 1239; baseline 0.001 -23"><span class='ocrx_word' id='word_1_43' title='bbox 186 1153 239 1238; x_wconf 79' lang='grc' dir='ltr'><strong>ἐφ’</strong></span> <span class='ocrx_word' id='word_1_44' title='bbox 261 1145 366 1238; x_wconf 73' lang='grc' dir='ltr'><em>ἑαυτῷ</em></span> <span class='ocrx_word' id='word_1_45' title='bbox 399 1148 418 1236; x_wconf 80' lang='grc' dir='ltr'><em>ἢ</em></span> <span class='ocrx_word' id='word_1_46' title='bbox 445 1156 657 1239; x_wconf 83' lang='grc' dir='ltr'><em>καταφαντὸν,</em></span> <span class='ocrx_word' id='word_1_47' title='bbox 689 1149 733 1229; x_wconf 80' lang='grc' dir='ltr'><strong>τὸς</strong></span> <span class='ocrx_word' id='word_1_48' title='bbox 762 1152 779 1218; x_wconf 83' lang='lat' dir='ltr'><strong>o‘</strong></span> <span class='ocrx_word' id='word_1_49' title='bbox 812 1153 1004 1238; x_wconf 83' lang='grc' dir='ltr'><em>Χρύσιππός</em></span> <span class='ocrx_word' id='word_1_50' title='bbox 1035 1177 1133 1238; x_wconf 77' lang='grc' dir='ltr'><em>φησιν</em></span> <span class='ocrx_word' id='word_1_51' title='bbox 1160 1155 1193 1218; x_wconf 79' lang='grc' dir='ltr'><strong>ἓν</strong></span> <span class='ocrx_word' id='word_1_52' title='bbox 1221 1161 1286 1230; x_wconf 84' lang='grc' dir='ltr'><em>τοῖς</em></span> 
     </span>
     <span class='ocr_line' id='line_1_8' title="bbox 188 1255 1345 1351; baseline 0.007 -28"><span class='ocrx_word' id='word_1_53' title='bbox 188 1264 394 1338; x_wconf 77' lang='grc' dir='ltr'><strong><em>διαλεκτικοῖς</em></strong></span> <span class='ocrx_word' id='word_1_54' title='bbox 418 1259 525 1346; x_wconf 81' lang='grc' dir='ltr'><em>ὅροις·</em></span> <span class='ocrx_word' id='word_1_55' title='bbox 548 1255 614 1326; x_wconf 77' lang='grc' dir='ltr'><em>οἷον</em></span> <span class='ocrx_word' id='word_1_56' title='bbox 637 1261 742 1348; x_wconf 73' lang='grc' dir='ltr'><em>ἡμέρα</em></span> <span class='ocrx_word' id='word_1_57' title='bbox 767 1265 845 1351; x_wconf 70' lang='grc' dir='ltr'><em>ἐστι’,</em></span> <span class='ocrx_word' id='word_1_58' title='bbox 869 1264 958 1329; x_wconf 75' lang='grc' dir='ltr'><em>Δι’ων</em></span> <span class='ocrx_word' id='word_1_59' title='bbox 984 1270 1157 1348; x_wconf 75' lang='grc' dir='ltr'><em>περιπατεῖ</em></span> <span class='ocrx_word' id='word_1_60' title='bbox 1176 1265 1226 1350; x_wconf 81' lang='lat' dir='ltr'><strong>(L.</strong></span> <span class='ocrx_word' id='word_1_61' title='bbox 1242 1265 1285 1334; x_wconf 91' lang='lat' dir='ltr'><strong>D.</strong></span> <span class='ocrx_word' id='word_1_62' title='bbox 1343 1289 1345 1295; x_wconf 87' lang='lat'>·</span> 
     </span>
     <span class='ocr_line' id='line_1_9' title="bbox 186 1372 1304 1464; baseline 0.003 -28"><span class='ocrx_word' id='word_1_63' title='bbox 186 1373 253 1438; x_wconf 90' lang='lat' dir='ltr'><strong>VII</strong></span> <span class='ocrx_word' id='word_1_64' title='bbox 267 1372 331 1457; x_wconf 80' lang='lat'>65).</span> <span class='ocrx_word' id='word_1_65' title='bbox 352 1373 434 1440; x_wconf 84' lang='lat' dir='ltr'><strong>haec</strong></span> <span class='ocrx_word' id='word_1_66' title='bbox 455 1374 574 1440; x_wconf 90' lang='lat' dir='ltr'><strong>iterum</strong></span> <span class='ocrx_word' id='word_1_67' title='bbox 586 1385 640 1440; x_wconf 86' lang='lat' dir='ltr'><strong>ant</strong></span> <span class='ocrx_word' id='word_1_68' title='bbox 653 1375 812 1464; x_wconf 86' lang='lat' dir='ltr'><strong>simplicia</strong></span> <span class='ocrx_word' id='word_1_69' title='bbox 833 1385 887 1442; x_wconf 89' lang='lat' dir='ltr'><strong>aut</strong></span> <span class='ocrx_word' id='word_1_70' title='bbox 905 1374 1075 1464; x_wconf 88' lang='lat' dir='ltr'><strong>conposita</strong></span> <span class='ocrx_word' id='word_1_71' title='bbox 1088 1396 1160 1440; x_wconf 85' lang='lat' dir='ltr'><strong>essa</strong></span> <span class='ocrx_word' id='word_1_72' title='bbox 1176 1374 1286 1440; x_wconf 86' lang='lat' dir='ltr'><strong>existi·</strong></span> <span class='ocrx_word' id='word_1_73' title='bbox 1302 1389 1304 1394; x_wconf 79' lang='grc'><em>·</em></span> 
     </span>
    </p>
   </div>
   <div class='ocr_carea' id='block_1_3' title="bbox 187 1482 1346 1576">
    <p class='ocr_par' dir='ltr' id='par_1_3' title="bbox 187 1482 1346 1576">
     <span class='ocr_line' id='line_1_10' title="bbox 187 1482 1346 1576; baseline 0.003 -31"><span class='ocrx_word' id='word_1_74' title='bbox 187 1484 316 1548; x_wconf 82' lang='lat' dir='ltr'><strong>mebant</strong></span> <span class='ocrx_word' id='word_1_75' title='bbox 340 1483 390 1566; x_wconf 72' lang='lat' dir='ltr'><strong>(L.</strong></span> <span class='ocrx_word' id='word_1_76' title='bbox 403 1484 444 1549; x_wconf 92' lang='lat' dir='ltr'><strong>D.</strong></span> <span class='ocrx_word' id='word_1_77' title='bbox 459 1484 588 1552; x_wconf 82' lang='lat' dir='ltr'>V1168.</span> <span class='ocrx_word' id='word_1_78' title='bbox 611 1483 704 1552; x_wconf 81' lang='lat' dir='ltr'><strong>Sext.</strong></span> <span class='ocrx_word' id='word_1_79' title='bbox 717 1485 812 1576; x_wconf 83' lang='lat' dir='ltr'><strong>Emp.</strong></span> <span class='ocrx_word' id='word_1_80' title='bbox 825 1485 910 1550; x_wconf 87' lang='lat' dir='ltr'>VIII</span> <span class='ocrx_word' id='word_1_81' title='bbox 922 1485 988 1570; x_wconf 83' lang='lat'>93.)</span> <span class='ocrx_word' id='word_1_82' title='bbox 1011 1484 1214 1575; x_wconf 89' lang='lat' dir='ltr'><strong>simplicibus</strong></span> <span class='ocrx_word' id='word_1_83' title='bbox 1232 1484 1287 1549; x_wconf 87' lang='lat' dir='ltr'><strong>ad·</strong></span> <span class='ocrx_word' id='word_1_84' title='bbox 1344 1482 1346 1486; x_wconf 41' lang='lat'>¹</span> 
     </span>
    </p>
   </div>
   <div class='ocr_carea' id='block_1_4' title="bbox 186 1589 1286 1785">
    <p class='ocr_par' dir='ltr' id='par_1_4' title="bbox 186 1589 1286 1785">
     <span class='ocr_line' id='line_1_11' title="bbox 186 1589 1286 1676; baseline -0.001 -20"><span class='ocrx_word' id='word_1_85' title='bbox 186 1594 399 1658; x_wconf 79' lang='lat' dir='ltr'><strong>numerabant</strong></span> <span class='ocrx_word' id='word_1_86' title='bbox 430 1591 578 1674; x_wconf 76' lang='grc' dir='ltr'><em>ἐρώτημα</em></span> <span class='ocrx_word' id='word_1_87' title='bbox 601 1593 710 1674; x_wconf 80' lang='grc' dir='ltr'><strong><em>πύσμα</em></strong></span> <span class='ocrx_word' id='word_1_88' title='bbox 735 1589 958 1675; x_wconf 86' lang='grc' dir='ltr'><em>προςτακτικὸν</em></span> <span class='ocrx_word' id='word_1_89' title='bbox 981 1589 1110 1676; x_wconf 76' lang='grc' dir='ltr'><em>ὁρκικὸν</em></span> <span class='ocrx_word' id='word_1_90' title='bbox 1134 1589 1286 1675; x_wconf 76' lang='grc' dir='ltr'><em>ἀρατικὸν</em></span> 
     </span>
     <span class='ocr_line' id='line_1_12' title="bbox 187 1695 1286 1785; baseline 0.006 -27"><span class='ocrx_word' id='word_1_91' title='bbox 187 1695 373 1761; x_wconf 60' lang='lat' dir='ltr'><strong>stastatuta</strong></span> <span class='ocrx_word' id='word_1_92' title='bbox 414 1697 575 1762; x_wconf 76' lang='grc' dir='ltr'><em>ἐκθετικὸν</em></span> <span class='ocrx_word' id='word_1_93' title='bbox 620 1697 840 1782; x_wconf 73' lang='grc' dir='ltr'><em>θαυμαστικὸν</em></span> <span class='ocrx_word' id='word_1_94' title='bbox 880 1698 1116 1785; x_wconf 76' lang='grc' dir='ltr'><em>ἐπαπορητικόν</em></span> <span class='ocrx_word' id='word_1_95' title='bbox 1153 1702 1286 1784; x_wconf 76' lang='grc' dir='ltr'><em>πρᾶγμα</em></span> 
     </span>
    </p>
   </div>
   <div class='ocr_carea' id='block_1_5' title="bbox 191 1805 205 1830">
    <p class='ocr_par' dir='ltr' id='par_1_5' title="bbox 191 1805 205 1830">
     <span class='ocr_line' id='line_1_13' title="bbox 191 1805 205 1830; baseline -0.214 0"><span class='ocrx_word' id='word_1_96' title='bbox 191 1805 205 1830; x_wconf 62' lang='lat' dir='ltr'><strong>‘l</strong></span> 
     </span>
    </p>
   </div>
   <div class='ocr_carea' id='block_1_6' title="bbox 188 1807 1284 1900">
    <p class='ocr_par' dir='ltr' id='par_1_6' title="bbox 188 1807 1284 1900">
     <span class='ocr_line' id='line_1_14' title="bbox 188 1807 1284 1900; baseline 0.006 -31"><span class='ocrx_word' id='word_1_97' title='bbox 188 1831 297 1888; x_wconf 87' lang='grc' dir='ltr'><em>ομοιον</em></span> <span class='ocrx_word' id='word_1_98' title='bbox 329 1807 495 1896; x_wconf 71' lang='grc' dir='ltr'><em>ἀξιώματι,</em></span> <span class='ocrx_word' id='word_1_99' title='bbox 528 1836 665 1899; x_wconf 89' lang='lat' dir='ltr'><strong>qnorum</strong></span> <span class='ocrx_word' id='word_1_100' title='bbox 696 1813 901 1880; x_wconf 88' lang='lat' dir='ltr'><strong>definitiones</strong></span> <span class='ocrx_word' id='word_1_101' title='bbox 924 1814 1081 1900; x_wconf 86' lang='lat' dir='ltr'><strong>leguntur</strong></span> <span class='ocrx_word' id='word_1_102' title='bbox 1102 1834 1153 1899; x_wconf 90' lang='lat' dir='ltr'><strong>ap.</strong></span> <span class='ocrx_word' id='word_1_103' title='bbox 1183 1810 1220 1876; x_wconf 89' lang='lat' dir='ltr'><strong>L.</strong></span> <span class='ocrx_word' id='word_1_104' title='bbox 1242 1813 1284 1878; x_wconf 91' lang='lat' dir='ltr'><strong>D.</strong></span> 
     </span>
    </p>
   </div>
   <div class='ocr_carea' id='block_1_7' title="bbox 186 1913 1285 2120">
    <p class='ocr_par' dir='ltr' id='par_1_7' title="bbox 186 1913 1285 2120">
     <span class='ocr_line' id='line_1_15' title="bbox 186 1913 1284 2010; baseline 0.003 -28"><span class='ocrx_word' id='word_1_105' title='bbox 186 1919 257 1985; x_wconf 89' lang='lat' dir='ltr'><strong>VII</strong></span> <span class='ocrx_word' id='word_1_106' title='bbox 278 1920 318 1986; x_wconf 88' lang='grc'><strong>66</strong></span> <span class='ocrx_word' id='word_1_107' title='bbox 336 1943 383 2004; x_wconf 91' lang='lat' dir='ltr'><strong>sq.</strong></span> <span class='ocrx_word' id='word_1_108' title='bbox 427 1920 583 1986; x_wconf 89' lang='lat' dir='ltr'><strong>Ammon.</strong></span> <span class='ocrx_word' id='word_1_109' title='bbox 605 1920 647 1985; x_wconf 87' lang='lat' dir='ltr'><strong>ad</strong></span> <span class='ocrx_word' id='word_1_110' title='bbox 670 1921 808 1987; x_wconf 90' lang='lat' dir='ltr'><strong>Aristot.</strong></span> <span class='ocrx_word' id='word_1_111' title='bbox 839 1945 870 1981; x_wconf 88' lang='grc' dir='ltr'><strong>π.</strong></span> <span class='ocrx_word' id='word_1_112' title='bbox 894 1913 1021 2010; x_wconf 70' lang='grc' dir='ltr'><em>ἓρμ.,ρ.</em></span> <span class='ocrx_word' id='word_1_113' title='bbox 1043 1919 1098 1986; x_wconf 70' lang='lat'><strong>96³</strong></span> <span class='ocrx_word' id='word_1_114' title='bbox 1121 1921 1177 1987; x_wconf 90' lang='lat' dir='ltr'><strong>Br.</strong></span> <span class='ocrx_word' id='word_1_115' title='bbox 1201 1919 1284 1988; x_wconf 82' lang='lat' dir='ltr'><strong>Gau.</strong></span> 
     </span>
     <span class='ocr_line' id='line_1_16' title="bbox 188 2026 1285 2120; baseline 0.003 -27"><span class='ocrx_word' id='word_1_116' title='bbox 188 2026 350 2094; x_wconf 85' lang='lat' dir='ltr'><strong>Choerob.</strong></span> <span class='ocrx_word' id='word_1_117' title='bbox 362 2051 394 2115; x_wconf 91' lang='lat' dir='ltr'><strong>p.</strong></span> <span class='ocrx_word' id='word_1_118' title='bbox 409 2031 489 2094; x_wconf 77' lang='lat'>1178</span> <span class='ocrx_word' id='word_1_119' title='bbox 501 2031 539 2096; x_wconf 93' lang='grc' dir='ltr'><strong>Β.</strong></span> <span class='ocrx_word' id='word_1_120' title='bbox 561 2055 593 2120; x_wconf 92' lang='lat' dir='ltr'><strong>p.</strong></span> <span class='ocrx_word' id='word_1_121' title='bbox 609 2031 669 2094; x_wconf 78' lang='lat'><strong>739</strong></span> <span class='ocrx_word' id='word_1_122' title='bbox 688 2031 790 2097; x_wconf 85' lang='lat' dir='ltr'><strong>Gaisf.</strong></span> <span class='ocrx_word' id='word_1_123' title='bbox 819 2031 989 2118; x_wconf 89' lang='lat' dir='ltr'><strong>Anonym.</strong></span> <span class='ocrx_word' id='word_1_124' title='bbox 1002 2030 1103 2100; x_wconf 85' lang='lat' dir='ltr'><strong>Coisl.</strong></span> <span class='ocrx_word' id='word_1_125' title='bbox 1117 2053 1150 2116; x_wconf 93' lang='lat' dir='ltr'><strong>p.</strong></span> <span class='ocrx_word' id='word_1_126' title='bbox 1162 2029 1218 2096; x_wconf 70' lang='lat'><strong>93⁸</strong></span> <span class='ocrx_word' id='word_1_127' title='bbox 1229 2029 1285 2096; x_wconf 92' lang='lat' dir='ltr'><strong>Br.</strong></span> 
     </span>
    </p>
   </div>
   <div class='ocr_carea' id='block_1_8' title="bbox 185 2133 1285 2230">
    <p class='ocr_par' dir='ltr' id='par_1_8' title="bbox 185 2133 1285 2230">
     <span class='ocr_line' id='line_1_17' title="bbox 185 2133 1285 2230; baseline -0.004 -28"><span class='ocrx_word' id='word_1_128' title='bbox 185 2147 359 2225; x_wconf 82' lang='lat' dir='ltr'><strong>praeterea</strong></span> <span class='ocrx_word' id='word_1_129' title='bbox 375 2138 571 2227; x_wconf 90' lang='lat' dir='ltr'><strong>simplicium</strong></span> <span class='ocrx_word' id='word_1_130' title='bbox 595 2135 782 2219; x_wconf 74' lang='grc' dir='ltr'><em>ἀξιωμάτων</em></span> <span class='ocrx_word' id='word_1_131' title='bbox 807 2149 898 2206; x_wconf 88' lang='lat' dir='ltr'><strong>erant</strong></span> <span class='ocrx_word' id='word_1_132' title='bbox 919 2139 983 2230; x_wconf 74' lang='lat' dir='ltr'><strong>alia</strong></span> <span class='ocrx_word' id='word_1_133' title='bbox 1010 2133 1211 2222; x_wconf 77' lang='grc' dir='ltr'><em>ἀπαφαντικὰ</em></span> <span class='ocrx_word' id='word_1_134' title='bbox 1231 2161 1285 2200; x_wconf 88' lang='grc' dir='ltr'><em>κα-</em></span> 
     </span>
    </p>
   </div>
   <div class='ocr_carea' id='block_1_9' title="bbox 192 2303 394 2312">
    <p class='ocr_par' dir='ltr' id='par_1_9' title="bbox 192 2303 394 2312">
     <span class='ocr_line' id='line_1_18' title="bbox 192 2303 394 2312; baseline -0.01 -1"><span class='ocrx_word' id='word_1_135' title='bbox 192 2303 394 2312; x_wconf 68' lang='lat'><strong>--....-——-.-</strong></span> 
     </span>
    </p>
   </div>
   <div class='ocr_carea' id='block_1_10' title="bbox 181 2407 1286 4408">
    <p class='ocr_par' dir='ltr' id='par_1_10' title="bbox 181 2407 1286 4408">
     <span class='ocr_line' id='line_1_19' title="bbox 185 2407 1286 2478; baseline -0.003 -15"><span class='ocrx_word' id='word_1_136' title='bbox 185 2409 275 2463; x_wconf 89' lang='lat' dir='ltr'>XVIII</span> <span class='ocrx_word' id='word_1_137' title='bbox 285 2407 311 2462; x_wconf 81' lang='lat'><strong>4.</strong></span> <span class='ocrx_word' id='word_1_138' title='bbox 321 2409 347 2462; x_wconf 94' lang='lat' dir='ltr'><strong>ll</strong></span> <span class='ocrx_word' id='word_1_139' title='bbox 361 2407 498 2478; x_wconf 67' lang='lat' dir='ltr'><strong>pann,</strong></span> <span class='ocrx_word' id='word_1_140' title='bbox 519 2409 696 2478; x_wconf 86' lang='lat' dir='ltr'><strong>quiquidem</strong></span> <span class='ocrx_word' id='word_1_141' title='bbox 719 2411 796 2466; x_wconf 88' lang='lat' dir='ltr'><strong>locus</strong></span> <span class='ocrx_word' id='word_1_142' title='bbox 815 2413 873 2464; x_wconf 88' lang='lat' dir='ltr'><strong>tam</strong></span> <span class='ocrx_word' id='word_1_143' title='bbox 891 2411 1021 2464; x_wconf 87' lang='lat' dir='ltr'><strong>turbatus</strong></span> <span class='ocrx_word' id='word_1_144' title='bbox 1040 2414 1091 2476; x_wconf 88' lang='lat' dir='ltr'><strong>est,</strong></span> <span class='ocrx_word' id='word_1_145' title='bbox 1111 2414 1143 2464; x_wconf 88' lang='lat' dir='ltr'><strong>nt</strong></span> <span class='ocrx_word' id='word_1_146' title='bbox 1161 2425 1250 2478; x_wconf 88' lang='lat' dir='ltr'><strong>neque</strong></span> <span class='ocrx_word' id='word_1_147' title='bbox 1268 2423 1286 2460; x_wconf 85' lang='lat' dir='ltr'><strong>a</strong></span> 
     </span>
     <span class='ocr_line' id='line_1_20' title="bbox 185 2505 1285 2577; baseline 0.004 -19"><span class='ocrx_word' id='word_1_148' title='bbox 185 2506 307 2562; x_wconf 87' lang='lat' dir='ltr'><strong>librariis</strong></span> <span class='ocrx_word' id='word_1_149' title='bbox 326 2505 367 2560; x_wconf 89' lang='lat' dir='ltr'><strong>ita</strong></span> <span class='ocrx_word' id='word_1_150' title='bbox 386 2509 548 2575; x_wconf 86' lang='lat' dir='ltr'><strong>corruptum</strong></span> <span class='ocrx_word' id='word_1_151' title='bbox 566 2523 657 2575; x_wconf 86' lang='lat' dir='ltr'><strong>nequo</strong></span> <span class='ocrx_word' id='word_1_152' title='bbox 675 2523 692 2559; x_wconf 87' lang='lat' dir='ltr'><strong>a</strong></span> <span class='ocrx_word' id='word_1_153' title='bbox 709 2506 846 2576; x_wconf 76' lang='lat' dir='ltr'><strong>scriptore</strong></span> <span class='ocrx_word' id='word_1_154' title='bbox 865 2524 924 2560; x_wconf 82' lang='lat' dir='ltr'><strong>ram</strong></span> <span class='ocrx_word' id='word_1_155' title='bbox 942 2511 1000 2560; x_wconf 84' lang='lat' dir='ltr'><strong>tam</strong></span> <span class='ocrx_word' id='word_1_156' title='bbox 1018 2507 1091 2560; x_wconf 88' lang='lat' dir='ltr'><strong>male</strong></span> <span class='ocrx_word' id='word_1_157' title='bbox 1108 2512 1285 2577; x_wconf 76' lang='lat' dir='ltr'><strong>perspectam</strong></span> 
     </span>
     <span class='ocr_line' id='line_1_21' title="bbox 184 2592 1285 2676; baseline 0.003 -20"><span class='ocrx_word' id='word_1_158' title='bbox 184 2620 252 2670; x_wconf 84' lang='lat' dir='ltr'><strong>esse,</strong></span> <span class='ocrx_word' id='word_1_159' title='bbox 273 2603 323 2656; x_wconf 90' lang='lat' dir='ltr'><strong>sed</strong></span> <span class='ocrx_word' id='word_1_160' title='bbox 340 2592 476 2676; x_wconf 74' lang='lat' dir='ltr'><strong>lectorem</strong></span> <span class='ocrx_word' id='word_1_161' title='bbox 494 2619 610 2670; x_wconf 87' lang='lat' dir='ltr'><strong>eumque</strong></span> <span class='ocrx_word' id='word_1_162' title='bbox 631 2620 688 2656; x_wconf 91' lang='lat' dir='ltr'><strong>non</strong></span> <span class='ocrx_word' id='word_1_163' title='bbox 705 2603 810 2674; x_wconf 90' lang='lat' dir='ltr'><strong>optime</strong></span> <span class='ocrx_word' id='word_1_164' title='bbox 828 2604 942 2658; x_wconf 84' lang='lat' dir='ltr'><strong>doctum</strong></span> <span class='ocrx_word' id='word_1_165' title='bbox 961 2602 1029 2656; x_wconf 86' lang='lat' dir='ltr'><strong>haec</strong></span> <span class='ocrx_word' id='word_1_166' title='bbox 1047 2603 1183 2658; x_wconf 87' lang='lat' dir='ltr'><strong>adiecisse</strong></span> <span class='ocrx_word' id='word_1_167' title='bbox 1196 2606 1285 2659; x_wconf 89' lang='lat' dir='ltr'><strong>credi-</strong></span> 
     </span>
     <span class='ocr_line' id='line_1_22' title="bbox 183 2697 1284 2768; baseline 0.003 -17"><span class='ocrx_word' id='word_1_168' title='bbox 183 2699 280 2765; x_wconf 89' lang='lat' dir='ltr'><strong>derim,</strong></span> <span class='ocrx_word' id='word_1_169' title='bbox 299 2698 338 2752; x_wconf 87' lang='lat' dir='ltr'><strong>ita</strong></span> <span class='ocrx_word' id='word_1_170' title='bbox 361 2698 473 2752; x_wconf 81' lang='lat' dir='ltr'><strong>scribit:</strong></span> <span class='ocrx_word' id='word_1_171' title='bbox 493 2700 531 2751; x_wconf 89' lang='lat' dir='ltr'><strong>‘et</strong></span> <span class='ocrx_word' id='word_1_172' title='bbox 550 2697 693 2751; x_wconf 87' lang='lat' dir='ltr'><strong>sciendum</strong></span> <span class='ocrx_word' id='word_1_173' title='bbox 712 2699 845 2768; x_wconf 88' lang='lat' dir='ltr'><strong>quodhas</strong></span> <span class='ocrx_word' id='word_1_174' title='bbox 856 2699 967 2768; x_wconf 89' lang='lat' dir='ltr'><strong>quidem</strong></span> <span class='ocrx_word' id='word_1_175' title='bbox 981 2699 1203 2754; x_wconf 82' lang='lat' dir='ltr'><strong>constructiones</strong></span> <span class='ocrx_word' id='word_1_176' title='bbox 1215 2717 1284 2768; x_wconf 88' lang='lat' dir='ltr'><strong>quae</strong></span> 
     </span>
     <span class='ocr_line' id='line_1_23' title="bbox 181 2787 1285 2869; baseline 0 -20"><span class='ocrx_word' id='word_1_177' title='bbox 181 2813 233 2865; x_wconf 90' lang='lat' dir='ltr'><strong>per</strong></span> <span class='ocrx_word' id='word_1_178' title='bbox 252 2795 454 2853; x_wconf 86' lang='lat' dir='ltr'><strong>nominatiuum</strong></span> <span class='ocrx_word' id='word_1_179' title='bbox 471 2795 663 2862; x_wconf 85' lang='lat' dir='ltr'><strong>absoluantur,</strong></span> <span class='ocrx_word' id='word_1_180' title='bbox 682 2795 764 2850; x_wconf 89' lang='lat' dir='ltr'><strong>stoici</strong></span> <span class='ocrx_word' id='word_1_181' title='bbox 781 2789 920 2869; x_wconf 82' lang='grc' dir='ltr'><em>τἰξιιὸματα</em></span> <span class='ocrx_word' id='word_1_182' title='bbox 940 2797 985 2849; x_wconf 91' lang='lat' dir='ltr'><strong>uel</strong></span> <span class='ocrx_word' id='word_1_183' title='bbox 998 2787 1173 2868; x_wconf 75' lang='grc' dir='ltr'><em>σιμβὸματα,</em></span> <span class='ocrx_word' id='word_1_184' title='bbox 1192 2795 1222 2849; x_wconf 91' lang='lat' dir='ltr'><strong>id</strong></span> <span class='ocrx_word' id='word_1_185' title='bbox 1242 2799 1285 2849; x_wconf 86' lang='lat' dir='ltr'><strong>est</strong></span> 
     </span>
     <span class='ocr_line' id='line_1_24' title="bbox 182 2891 1284 2962; baseline -0.002 -16"><span class='ocrx_word' id='word_1_186' title='bbox 182 2893 335 2962; x_wconf 77' lang='lat' dir='ltr'><strong>dignitates</strong></span> <span class='ocrx_word' id='word_1_187' title='bbox 355 2893 400 2947; x_wconf 89' lang='lat' dir='ltr'><strong>uel</strong></span> <span class='ocrx_word' id='word_1_188' title='bbox 416 2892 616 2961; x_wconf 86' lang='lat' dir='ltr'><strong>congruitates,</strong></span> <span class='ocrx_word' id='word_1_189' title='bbox 633 2893 780 2959; x_wconf 85' lang='lat' dir='ltr'><strong>uocabant,</strong></span> <span class='ocrx_word' id='word_1_190' title='bbox 798 2896 830 2946; x_wconf 92' lang='lat' dir='ltr'><strong>ut</strong></span> <span class='ocrx_word' id='word_1_191' title='bbox 849 2909 900 2962; x_wconf 84' lang='lat' dir='ltr'><strong>ego</strong></span> <span class='ocrx_word' id='word_1_192' title='bbox 911 2893 1068 2948; x_wconf 87' lang='lat' dir='ltr'><strong>Priscianus</strong></span> <span class='ocrx_word' id='word_1_193' title='bbox 1081 2892 1181 2960; x_wconf 85' lang='lat' dir='ltr'><strong>scribo,</strong></span> <span class='ocrx_word' id='word_1_194' title='bbox 1200 2891 1284 2960; x_wconf 86' lang='lat' dir='ltr'><strong>Apol-</strong></span> 
     </span>
     <span class='ocr_line' id='line_1_25' title="bbox 182 2987 1284 3057; baseline 0.002 -17"><span class='ocrx_word' id='word_1_195' title='bbox 182 2988 274 3041; x_wconf 91' lang='lat' dir='ltr'><strong>Ionius</strong></span> <span class='ocrx_word' id='word_1_196' title='bbox 293 2988 426 3052; x_wconf 85' lang='lat' dir='ltr'><strong>ambulat,</strong></span> <span class='ocrx_word' id='word_1_197' title='bbox 455 2987 536 3041; x_wconf 87' lang='lat' dir='ltr'><strong>Plato</strong></span> <span class='ocrx_word' id='word_1_198' title='bbox 561 2987 781 3057; x_wconf 82' lang='lat' dir='ltr'><strong>philosophatur,</strong></span> <span class='ocrx_word' id='word_1_199' title='bbox 810 2987 872 3041; x_wconf 90' lang='lat' dir='ltr'><strong>illas</strong></span> <span class='ocrx_word' id='word_1_200' title='bbox 896 3005 963 3041; x_wconf 90' lang='lat' dir='ltr'><strong>uero</strong></span> <span class='ocrx_word' id='word_1_201' title='bbox 984 2987 1084 3056; x_wconf 90' lang='lat' dir='ltr'><strong>quibus</strong></span> <span class='ocrx_word' id='word_1_202' title='bbox 1102 2988 1284 3042; x_wconf 83' lang='lat' dir='ltr'><strong>transitiones</strong></span> 
     </span>
     <span class='ocr_line' id='line_1_26' title="bbox 182 3083 1284 3154; baseline 0.002 -18"><span class='ocrx_word' id='word_1_203' title='bbox 182 3084 219 3137; x_wconf 88' lang='lat' dir='ltr'><strong>ab</strong></span> <span class='ocrx_word' id='word_1_204' title='bbox 239 3083 295 3137; x_wconf 85' lang='lat' dir='ltr'><strong>alia</strong></span> <span class='ocrx_word' id='word_1_205' title='bbox 315 3085 350 3138; x_wconf 83' lang='lat' dir='ltr'><strong>ad</strong></span> <span class='ocrx_word' id='word_1_206' title='bbox 369 3084 451 3138; x_wconf 87' lang='lat' dir='ltr'><strong>aliam</strong></span> <span class='ocrx_word' id='word_1_207' title='bbox 472 3083 543 3138; x_wconf 88' lang='lat' dir='ltr'><strong>fiunt</strong></span> <span class='ocrx_word' id='word_1_208' title='bbox 563 3101 718 3154; x_wconf 79' lang='lat' dir='ltr'><strong>personam,</strong></span> <span class='ocrx_word' id='word_1_209' title='bbox 744 3085 774 3138; x_wconf 90' lang='lat' dir='ltr'><strong>in</strong></span> <span class='ocrx_word' id='word_1_210' title='bbox 799 3085 898 3153; x_wconf 91' lang='lat' dir='ltr'><strong>quibus</strong></span> <span class='ocrx_word' id='word_1_211' title='bbox 916 3102 1030 3139; x_wconf 87' lang='lat' dir='ltr'><strong>necesse</strong></span> <span class='ocrx_word' id='word_1_212' title='bbox 1050 3088 1093 3138; x_wconf 84' lang='lat' dir='ltr'><strong>cst</strong></span> <span class='ocrx_word' id='word_1_213' title='bbox 1113 3102 1176 3138; x_wconf 91' lang='lat' dir='ltr'><strong>cnm</strong></span> <span class='ocrx_word' id='word_1_214' title='bbox 1196 3085 1284 3138; x_wconf 89' lang='lat' dir='ltr'><strong>nomi·</strong></span> 
     </span>
     <span class='ocr_line' id='line_1_27' title="bbox 182 3173 1284 3252; baseline 0.005 -21"><span class='ocrx_word' id='word_1_215' title='bbox 182 3179 279 3232; x_wconf 85' lang='lat' dir='ltr'><strong>natiuo</strong></span> <span class='ocrx_word' id='word_1_216' title='bbox 299 3180 382 3232; x_wconf 86' lang='lat' dir='ltr'><strong>etiam</strong></span> <span class='ocrx_word' id='word_1_217' title='bbox 401 3179 544 3248; x_wconf 89' lang='lat' dir='ltr'><strong>obliquum</strong></span> <span class='ocrx_word' id='word_1_218' title='bbox 568 3180 689 3248; x_wconf 86' lang='lat' dir='ltr'><strong>aliquem</strong></span> <span class='ocrx_word' id='word_1_219' title='bbox 709 3197 803 3234; x_wconf 89' lang='lat' dir='ltr'><strong>casum</strong></span> <span class='ocrx_word' id='word_1_220' title='bbox 821 3179 949 3248; x_wconf 83' lang='lat' dir='ltr'><strong>proferri,</strong></span> <span class='ocrx_word' id='word_1_221' title='bbox 976 3173 1222 3252; x_wconf 78' lang='grc' dir='ltr'><em>παρασομβάματα</em></span> <span class='ocrx_word' id='word_1_222' title='bbox 1243 3180 1284 3236; x_wconf 85' lang='lat' dir='ltr'><strong>di·</strong></span> 
     </span>
     <span class='ocr_line' id='line_1_28' title="bbox 183 3275 1283 3354; baseline 0 -24"><span class='ocrx_word' id='word_1_223' title='bbox 183 3277 295 3342; x_wconf 87' lang='lat' dir='ltr'><strong>cebant,</strong></span> <span class='ocrx_word' id='word_1_224' title='bbox 314 3276 368 3330; x_wconf 88' lang='lat' dir='ltr'><strong>hoc</strong></span> <span class='ocrx_word' id='word_1_225' title='bbox 386 3281 429 3332; x_wconf 87' lang='lat' dir='ltr'><strong>est</strong></span> <span class='ocrx_word' id='word_1_226' title='bbox 448 3275 540 3354; x_wconf 82' lang='lat' dir='ltr'><strong>minus</strong></span> <span class='ocrx_word' id='word_1_227' title='bbox 558 3295 640 3346; x_wconf 86' lang='lat' dir='ltr'><strong>quarn</strong></span> <span class='ocrx_word' id='word_1_228' title='bbox 656 3277 856 3346; x_wconf 79' lang='lat' dir='ltr'><strong>congruitates,</strong></span> <span class='ocrx_word' id='word_1_229' title='bbox 876 3281 908 3331; x_wconf 90' lang='lat' dir='ltr'><strong>ut</strong></span> <span class='ocrx_word' id='word_1_230' title='bbox 928 3277 1024 3332; x_wconf 87' lang='lat' dir='ltr'><strong>Cicero</strong></span> <span class='ocrx_word' id='word_1_231' title='bbox 1043 3282 1136 3332; x_wconf 88' lang='lat' dir='ltr'><strong>seruat</strong></span> <span class='ocrx_word' id='word_1_232' title='bbox 1154 3278 1283 3346; x_wconf 84' lang='lat' dir='ltr'><strong>patriam,</strong></span> 
     </span>
     <span class='ocr_line' id='line_1_29' title="bbox 183 3368 1284 3446; baseline 0.002 -20"><span class='ocrx_word' id='word_1_233' title='bbox 183 3373 294 3443; x_wconf 88' lang='lat' dir='ltr'><strong>quando</strong></span> <span class='ocrx_word' id='word_1_234' title='bbox 319 3390 386 3426; x_wconf 89' lang='lat' dir='ltr'><strong>uero</strong></span> <span class='ocrx_word' id='word_1_235' title='bbox 411 3390 445 3428; x_wconf 84' lang='lat' dir='ltr'><strong>ex</strong></span> <span class='ocrx_word' id='word_1_236' title='bbox 467 3373 575 3428; x_wconf 89' lang='lat' dir='ltr'><strong>duobus</strong></span> <span class='ocrx_word' id='word_1_237' title='bbox 599 3373 720 3444; x_wconf 89' lang='lat' dir='ltr'><strong>obliquis</strong></span> <span class='ocrx_word' id='word_1_238' title='bbox 744 3374 916 3428; x_wconf 88' lang='lat' dir='ltr'><strong>constructio</strong></span> <span class='ocrx_word' id='word_1_239' title='bbox 939 3373 981 3438; x_wconf 91' lang='lat' dir='ltr'><strong>fit,</strong></span> <span class='ocrx_word' id='word_1_240' title='bbox 1005 3368 1160 3446; x_wconf 77' lang='grc' dir='ltr'><em>ἀσύμβαμα</em></span> <span class='ocrx_word' id='word_1_241' title='bbox 1189 3374 1220 3428; x_wconf 92' lang='lat' dir='ltr'><strong>id</strong></span> <span class='ocrx_word' id='word_1_242' title='bbox 1240 3379 1284 3428; x_wconf 88' lang='lat' dir='ltr'><strong>est</strong></span> 
     </span>
     <span class='ocr_line' id='line_1_30' title="bbox 181 3469 1283 3540; baseline 0 -16"><span class='ocrx_word' id='word_1_243' title='bbox 181 3470 418 3540; x_wconf 85' lang='lat' dir='ltr'><strong>incongruitatem</strong></span> <span class='ocrx_word' id='word_1_244' title='bbox 438 3469 568 3525; x_wconf 86' lang='lat' dir='ltr'><strong>dicebant</strong></span> <span class='ocrx_word' id='word_1_245' title='bbox 585 3473 616 3523; x_wconf 91' lang='lat' dir='ltr'><strong>ut</strong></span> <span class='ocrx_word' id='word_1_246' title='bbox 633 3471 727 3539; x_wconf 85' lang='lat' dir='ltr'><strong>placet</strong></span> <span class='ocrx_word' id='word_1_247' title='bbox 744 3469 812 3522; x_wconf 89' lang='lat' dir='ltr'><strong>mihi</strong></span> <span class='ocrx_word' id='word_1_248' title='bbox 834 3470 929 3524; x_wconf 87' lang='lat' dir='ltr'><strong>uenire</strong></span> <span class='ocrx_word' id='word_1_249' title='bbox 941 3471 977 3525; x_wconf 83' lang='lat' dir='ltr'><strong>ad</strong></span> <span class='ocrx_word' id='word_1_250' title='bbox 995 3475 1034 3538; x_wconf 90' lang='lat' dir='ltr'><strong>te,</strong></span> <span class='ocrx_word' id='word_1_251' title='bbox 1053 3471 1111 3524; x_wconf 90' lang='lat' dir='ltr'><strong>siue</strong></span> <span class='ocrx_word' id='word_1_252' title='bbox 1123 3471 1283 3526; x_wconf 86' lang='lat' dir='ltr'><strong>nominibus</strong></span> 
     </span>
     <span class='ocr_line' id='line_1_31' title="bbox 182 3565 1283 3635; baseline 0.002 -17"><span class='ocrx_word' id='word_1_253' title='bbox 182 3565 252 3635; x_wconf 89' lang='lat' dir='ltr'><strong>ipsis</strong></span> <span class='ocrx_word' id='word_1_254' title='bbox 268 3570 368 3619; x_wconf 48' lang='lat' dir='ltr'><strong>ttamen</strong></span> <span class='ocrx_word' id='word_1_255' title='bbox 392 3584 441 3620; x_wconf 87' lang='lat' dir='ltr'><strong>seu</strong></span> <span class='ocrx_word' id='word_1_256' title='bbox 459 3567 553 3620; x_wconf 84' lang='lat' dir='ltr'><strong>uerbis</strong></span> <span class='ocrx_word' id='word_1_257' title='bbox 572 3567 626 3621; x_wconf 82' lang='lat' dir='ltr'><strong>hoc</strong></span> <span class='ocrx_word' id='word_1_258' title='bbox 646 3567 841 3635; x_wconf 84' lang='lat' dir='ltr'><strong>exigentibus’</strong></span> <span class='ocrx_word' id='word_1_259' title='bbox 858 3568 937 3621; x_wconf 88' lang='lat' dir='ltr'><strong>uides</strong></span> <span class='ocrx_word' id='word_1_260' title='bbox 960 3566 1080 3622; x_wconf 91' lang='lat' dir='ltr'><strong>hicnon</strong></span> <span class='ocrx_word' id='word_1_261' title='bbox 1099 3566 1187 3619; x_wconf 85' lang='lat' dir='ltr'><strong>solum</strong></span> <span class='ocrx_word' id='word_1_262' title='bbox 1207 3567 1283 3620; x_wconf 88' lang='lat' dir='ltr'><strong>axio·</strong></span> 
     </span>
     <span class='ocr_line' id='line_1_32' title="bbox 182 3655 1283 3734; baseline 0.004 -20"><span class='ocrx_word' id='word_1_263' title='bbox 182 3666 259 3726; x_wconf 83' lang='lat' dir='ltr'><strong>mata</strong></span> <span class='ocrx_word' id='word_1_264' title='bbox 276 3666 304 3715; x_wconf 89' lang='lat' dir='ltr'><strong>et</strong></span> <span class='ocrx_word' id='word_1_265' title='bbox 322 3655 489 3733; x_wconf 75' lang='grc' dir='ltr'><em>συμβάματα</em></span> <span class='ocrx_word' id='word_1_266' title='bbox 508 3662 648 3726; x_wconf 87' lang='lat' dir='ltr'><strong>confundi,</strong></span> <span class='ocrx_word' id='word_1_267' title='bbox 670 3681 766 3716; x_wconf 90' lang='lat' dir='ltr'><strong>uerum</strong></span> <span class='ocrx_word' id='word_1_268' title='bbox 788 3662 872 3716; x_wconf 90' lang='lat' dir='ltr'><strong>etiam</strong></span> <span class='ocrx_word' id='word_1_269' title='bbox 891 3662 1040 3716; x_wconf 90' lang='lat' dir='ltr'><strong>transitiua</strong></span> <span class='ocrx_word' id='word_1_270' title='bbox 1060 3665 1146 3718; x_wconf 89' lang='lat' dir='ltr'><strong>uerba</strong></span> <span class='ocrx_word' id='word_1_271' title='bbox 1167 3665 1214 3732; x_wconf 90' lang='lat' dir='ltr'><strong>(de</strong></span> <span class='ocrx_word' id='word_1_272' title='bbox 1236 3682 1283 3734; x_wconf 87' lang='lat' dir='ltr'><strong>ge-</strong></span> 
     </span>
     <span class='ocr_line' id='line_1_33' title="bbox 182 3757 1282 3827; baseline 0.002 -17"><span class='ocrx_word' id='word_1_273' title='bbox 182 3774 251 3810; x_wconf 88' lang='lat' dir='ltr'><strong>nere</strong></span> <span class='ocrx_word' id='word_1_274' title='bbox 268 3757 400 3825; x_wconf 91' lang='lat' dir='ltr'><strong>loquendi</strong></span> <span class='ocrx_word' id='word_1_275' title='bbox 410 3757 444 3812; x_wconf 91' lang='lat' dir='ltr'><strong>cf.</strong></span> <span class='ocrx_word' id='word_1_276' title='bbox 455 3757 520 3810; x_wconf 89' lang='lat' dir='ltr'>XIII</span> <span class='ocrx_word' id='word_1_277' title='bbox 529 3757 564 3811; x_wconf 80' lang='lat'><strong>23</strong></span> <span class='ocrx_word' id='word_1_278' title='bbox 573 3776 600 3826; x_wconf 91' lang='lat' dir='ltr'><strong>p.</strong></span> <span class='ocrx_word' id='word_1_279' title='bbox 613 3757 646 3812; x_wconf 84' lang='lat'><strong>15</strong></span> <span class='ocrx_word' id='word_1_280' title='bbox 654 3758 699 3826; x_wconf 89' lang='lat' dir='ltr'><strong>H.)</strong></span> <span class='ocrx_word' id='word_1_281' title='bbox 711 3777 774 3814; x_wconf 91' lang='lat' dir='ltr'><strong>cnm</strong></span> <span class='ocrx_word' id='word_1_282' title='bbox 784 3759 957 3812; x_wconf 89' lang='lat' dir='ltr'><strong>nominatiuo</strong></span> <span class='ocrx_word' id='word_1_283' title='bbox 976 3763 1005 3812; x_wconf 88' lang='lat' dir='ltr'><strong>et</strong></span> <span class='ocrx_word' id='word_1_284' title='bbox 1022 3759 1192 3827; x_wconf 88' lang='lat' dir='ltr'><strong>accusatiuo,</strong></span> <span class='ocrx_word' id='word_1_285' title='bbox 1212 3776 1282 3827; x_wconf 87' lang='lat' dir='ltr'><strong>qnae</strong></span> 
     </span>
     <span class='ocr_line' id='line_1_34' title="bbox 182 3847 1281 3924; baseline 0.005 -22"><span class='ocrx_word' id='word_1_286' title='bbox 182 3850 323 3904; x_wconf 83' lang='lat' dir='ltr'><strong>axiomata</strong></span> <span class='ocrx_word' id='word_1_287' title='bbox 340 3855 413 3918; x_wconf 87' lang='lat' dir='ltr'><strong>sunt,</strong></span> <span class='ocrx_word' id='word_1_288' title='bbox 434 3847 679 3924; x_wconf 76' lang='grc' dir='ltr'><em>παρααυμβάματα</em></span> <span class='ocrx_word' id='word_1_289' title='bbox 691 3853 752 3907; x_wconf 90' lang='lat' dir='ltr'><strong>dici.</strong></span> <span class='ocrx_word' id='word_1_290' title='bbox 772 3857 918 3922; x_wconf 87' lang='lat' dir='ltr'><strong>praeterea</strong></span> <span class='ocrx_word' id='word_1_291' title='bbox 935 3853 1037 3906; x_wconf 89' lang='lat' dir='ltr'><strong>tertiae</strong></span> <span class='ocrx_word' id='word_1_292' title='bbox 1055 3855 1281 3922; x_wconf 87' lang='lat' dir='ltr'><strong>constructionis,</strong></span> 
     </span>
     <span class='ocr_line' id='line_1_35' title="bbox 182 3945 1282 4019; baseline 0.005 -20"><span class='ocrx_word' id='word_1_293' title='bbox 182 3945 294 4014; x_wconf 87' lang='lat' dir='ltr'><strong>quando</strong></span> <span class='ocrx_word' id='word_1_294' title='bbox 314 3963 348 4002; x_wconf 83' lang='lat' dir='ltr'><strong>ex</strong></span> <span class='ocrx_word' id='word_1_295' title='bbox 366 3947 474 4003; x_wconf 89' lang='lat' dir='ltr'><strong>duobus</strong></span> <span class='ocrx_word' id='word_1_296' title='bbox 492 3949 611 4017; x_wconf 85' lang='lat' dir='ltr'><strong>obliquis</strong></span> <span class='ocrx_word' id='word_1_297' title='bbox 629 3949 670 4013; x_wconf 86' lang='lat' dir='ltr'><strong>fit,</strong></span> <span class='ocrx_word' id='word_1_298' title='bbox 689 3950 848 4019; x_wconf 84' lang='lat' dir='ltr'><strong>exemplum</strong></span> <span class='ocrx_word' id='word_1_299' title='bbox 867 3951 943 4003; x_wconf 90' lang='lat' dir='ltr'><strong>nullo</strong></span> <span class='ocrx_word' id='word_1_300' title='bbox 956 3949 1039 4004; x_wconf 90' lang='lat' dir='ltr'><strong>modo</strong></span> <span class='ocrx_word' id='word_1_301' title='bbox 1053 3954 1148 4018; x_wconf 88' lang='lat' dir='ltr'><strong>aptum</strong></span> <span class='ocrx_word' id='word_1_302' title='bbox 1163 3955 1216 4015; x_wconf 85' lang='lat' dir='ltr'><strong>est,</strong></span> <span class='ocrx_word' id='word_1_303' title='bbox 1236 3967 1282 4004; x_wconf 86' lang='lat' dir='ltr'><strong>ex·</strong></span> 
     </span>
     <span class='ocr_line' id='line_1_36' title="bbox 182 4046 1281 4115; baseline 0.004 -18"><span class='ocrx_word' id='word_1_304' title='bbox 182 4046 312 4112; x_wconf 86' lang='lat' dir='ltr'><strong>pectares</strong></span> <span class='ocrx_word' id='word_1_305' title='bbox 330 4047 409 4115; x_wconf 73' lang='lat' dir='ltr'><strong>pudet</strong></span> <span class='ocrx_word' id='word_1_306' title='bbox 428 4049 572 4112; x_wconf 73' lang='lat' dir='ltr'><strong>metilius,</strong></span> <span class='ocrx_word' id='word_1_307' title='bbox 600 4047 646 4099; x_wconf 89' lang='lat' dir='ltr'><strong>uel</strong></span> <span class='ocrx_word' id='word_1_308' title='bbox 663 4047 720 4100; x_wconf 86' lang='lat' dir='ltr'><strong>tals</strong></span> <span class='ocrx_word' id='word_1_309' title='bbox 739 4046 813 4115; x_wconf 89' lang='lat' dir='ltr'><strong>quid.</strong></span> <span class='ocrx_word' id='word_1_310' title='bbox 841 4049 965 4102; x_wconf 89' lang='lat' dir='ltr'><strong>ceterum</strong></span> <span class='ocrx_word' id='word_1_311' title='bbox 982 4046 1132 4102; x_wconf 87' lang='lat' dir='ltr'><strong>dummodo</strong></span> <span class='ocrx_word' id='word_1_312' title='bbox 1151 4046 1201 4100; x_wconf 88' lang='lat' dir='ltr'><strong>tali</strong></span> <span class='ocrx_word' id='word_1_313' title='bbox 1219 4046 1281 4101; x_wconf 90' lang='lat' dir='ltr'><strong>loco</strong></span> 
     </span>
     <span class='ocr_line' id='line_1_37' title="bbox 183 4126 1281 4214; baseline 0.005 -22"><span class='ocrx_word' id='word_1_314' title='bbox 183 4137 277 4206; x_wconf 85' lang='lat' dir='ltr'><strong>aliqua</strong></span> <span class='ocrx_word' id='word_1_315' title='bbox 293 4137 362 4192; x_wconf 87' lang='lat' dir='ltr'><strong>fides</strong></span> <span class='ocrx_word' id='word_1_316' title='bbox 380 4126 508 4197; x_wconf 79' lang='lat' dir='ltr'><strong>habenda</strong></span> <span class='ocrx_word' id='word_1_317' title='bbox 527 4142 610 4204; x_wconf 87' lang='lat' dir='ltr'><strong>esset,</strong></span> <span class='ocrx_word' id='word_1_318' title='bbox 634 4157 651 4192; x_wconf 87' lang='lat' dir='ltr'><strong>a</strong></span> <span class='ocrx_word' id='word_1_319' title='bbox 677 4138 841 4208; x_wconf 87' lang='lat' dir='ltr'><strong>quibusdam</strong></span> <span class='ocrx_word' id='word_1_320' title='bbox 865 4141 1016 4196; x_wconf 84' lang='lat' dir='ltr'><strong>stoicorum</strong></span> <span class='ocrx_word' id='word_1_321' title='bbox 1033 4136 1188 4214; x_wconf 79' lang='grc' dir='ltr'><em>ἀσύμβαμα</em></span> <span class='ocrx_word' id='word_1_322' title='bbox 1207 4144 1281 4211; x_wconf 92' lang='lat' dir='ltr'><strong>quod</strong></span> 
     </span>
     <span class='ocr_line' id='line_1_38' title="bbox 183 4229 1280 4312; baseline 0.002 -20"><span class='ocrx_word' id='word_1_323' title='bbox 183 4238 221 4292; x_wconf 89' lang='lat' dir='ltr'><strong>ab</strong></span> <span class='ocrx_word' id='word_1_324' title='bbox 245 4235 305 4291; x_wconf 85' lang='lat' dir='ltr'><strong>aliis</strong></span> <span class='ocrx_word' id='word_1_325' title='bbox 328 4236 439 4312; x_wconf 66' lang='grc' dir='ltr'><em>ἔλαττον</em></span> <span class='ocrx_word' id='word_1_326' title='bbox 459 4229 475 4304; x_wconf 77' lang='grc' dir='ltr'>ἢ</span> <span class='ocrx_word' id='word_1_327' title='bbox 494 4229 707 4310; x_wconf 74' lang='grc' dir='ltr'><em>παρασύμβαμα</em></span> <span class='ocrx_word' id='word_1_328' title='bbox 725 4236 901 4306; x_wconf 86' lang='lat' dir='ltr'><strong>dictumest,</strong></span> <span class='ocrx_word' id='word_1_329' title='bbox 927 4239 1001 4308; x_wconf 94' lang='lat' dir='ltr'><strong>quod</strong></span> <span class='ocrx_word' id='word_1_330' title='bbox 1025 4255 1057 4292; x_wconf 92' lang='lat' dir='ltr'><strong>eo</strong></span> <span class='ocrx_word' id='word_1_331' title='bbox 1076 4243 1119 4294; x_wconf 90' lang='lat' dir='ltr'><strong>est</strong></span> <span class='ocrx_word' id='word_1_332' title='bbox 1137 4239 1280 4308; x_wconf 90' lang='lat' dir='ltr'><strong>incertius,</strong></span> 
     </span>
     <span class='ocr_line' id='line_1_39' title="bbox 184 4331 830 4408; baseline 0.002 -20"><span class='ocrx_word' id='word_1_333' title='bbox 184 4334 250 4408; x_wconf 90' lang='lat' dir='ltr'><strong>quia</strong></span> <span class='ocrx_word' id='word_1_334' title='bbox 271 4331 421 4404; x_wconf 81' lang='lat' dir='ltr'><strong>appellatio</strong></span> <span class='ocrx_word' id='word_1_335' title='bbox 439 4333 558 4406; x_wconf 84' lang='lat' dir='ltr'><strong>pessime</strong></span> <span class='ocrx_word' id='word_1_336' title='bbox 576 4333 606 4386; x_wconf 92' lang='lat' dir='ltr'><strong>in</strong></span> <span class='ocrx_word' id='word_1_337' title='bbox 626 4351 685 4387; x_wconf 88' lang='lat' dir='ltr'><strong>rem</strong></span> <span class='ocrx_word' id='word_1_338' title='bbox 704 4334 830 4404; x_wconf 84' lang='lat' dir='ltr'><strong>quadrat.</strong></span> 
     </span>
    </p>
   </div>
   <div class='ocr_carea' id='block_1_11' title="bbox 0 0 1580 5142">
    <p class='ocr_par' dir='ltr' id='par_1_11' title="bbox 0 0 1580 5142">
     <span class='ocr_line' id='line_1_40' title="bbox 0 0 1580 5142; baseline 0 1"><span class='ocrx_word' id='word_1_339' title='bbox 0 0 1580 5142; x_wconf 95' lang='lat' dir='ltr'><strong> </strong></span> 
     </span>
    </p>
   </div>
  </div>
 </body>
</html>
