3126 5146
814 441 872 500 152

300 616 439 682 bitamus
468 616 649 704 principale
680 637 784 704 genus
816 615 988 684 redeamus
1019 617 1061 683 ad
1083 617 1341 706 diminutionem,
1363 628 1395 686 et

300 747 343 792 ex
365 725 556 792 diminutiuo
580 727 806 812 cognoscimus
827 727 1008 816 principale
1026 749 1142 814 genus.

248 922 281 981 11
402 899 678 996 Hypocorismata
701 897 830 998 semper
852 911 1029 996 generibus
1052 913 1118 978 suis
1141 910 1229 979 unde
1247 915 1397 994 oriuntur

301 1027 491 1102 consonant,
521 1041 624 1106 pauca
648 1019 816 1087 dissonant
837 1021 928 1085 velut
955 1022 1036 1087 haec
1060 1045 1138 1087 rana
1162 1023 1214 1088 hic
1236 1047 1396 1090 ranuncu-

299 1133 360 1214 lus,
385 1129 438 1194 hic
460 1128 579 1215 unguis
600 1129 682 1195 haec
701 1130 835 1215 ungula,
854 1130 918 1196 hoo
939 1131 1110 1218 glandium
1135 1133 1217 1198 haec
1228 1131 1394 1219 glandula,
1412 1153 1430 1208 5

299 1240 354 1306 hie
374 1239 469 1326 panis
490 1239 543 1304 hio
565 1238 714 1326 pastillus
744 1250 776 1304 et
804 1240 867 1306 hoc
890 1240 1071 1328 pastillum,
1106 1251 1142 1308 ut
1161 1242 1268 1311 Varro
1293 1241 1395 1308 dixit:
1432 1288 1439 1298 -

300 1350 383 1415 haec
406 1348 480 1413 beta
501 1347 554 1412 hic
582 1348 745 1431 betaceus,
779 1350 860 1414 haec
885 1350 992 1414 malua
1021 1351 1075 1414 hic
1106 1350 1301 1436 maluaceus,
1334 1351 1397 1416 hoc

300 1457 473 1547 patrnam
496 1456 577 1520 usse
600 1456 748 1544 presius,
771 1457 1057 1523 seraranan
1075 1440 1254 1546 nealphis
1275 1459 1329 1524 sn
1342 1482 1395 1525 en-

302 1567 345 1632 sis
367 1567 448 1631 hacc
467 1564 611 1631 ensicula
631 1575 662 1630 et
684 1565 737 1630 hic
756 1566 931 1651 ensiculus,
954 1567 1054 1632 sicin
1075 1568 1225 1634 Rudente
1247 1547 1394 1635 Plautus.

302 1771 346 1826 sit.
364 1771 432 1825 item
451 1769 475 1823 si
491 1767 569 1824 dicas
582 1769 718 1836 columna,
738 1767 815 1823 cuius
837 1767 946 1839 generis
960 1769 1022 1823 est?
1042 1768 1110 1825 facis
1124 1770 1189 1824 inde
1201 1741 1397 1826 diminutiuum

303 1844 334 1899 id
354 1847 397 1897 est
418 1842 563 1896 columella
582 1845 610 1894 et
628 1841 777 1910 intellegis,
803 1841 933 1909 quoniam
957 1841 1111 1911 principale
1136 1841 1261 1897 feminini
1287 1844 1397 1912 generis

301 1913 498 2042 {sgsgs'l'llhgl
509 1932 536 2054 p.
547 1911 608 2048 {gg}
619 1912 662 2038 113.
681 1912 771 1966 Diom·
784 1930 811 1982 p.
822 1911 883 1981 326,
894 1913 918 1966 9.
936 1911 1080 1983 Excerpta
1089 1930 1204 1984 gramm.
1213 1932 1241 1984 p.
1252 1913 1396 1983 535,19K.

403 2081 445 2135 11.
466 2081 546 2134 Char.
564 2079 1019 2150 p.3⁷,13:Hypooorismata
1040 2123 1045 2136 .
1067 2122 1073 2134 .
1096 2121 1102 2134 .
1123 2079 1280 2135 Plautus.
1316 2080 1396 2134 Char.

301 2173 329 2224 p.
343 2153 462 2218 155,13:
480 2151 550 2205 illud
567 2169 633 2206 uero
652 2153 858 2205 meminerimus
876 2152 951 2221 quod
968 2169 1077 2222 semper
1095 2151 1298 2206 deminutiones
1317 2169 1398 2221 gene·

302 2226 381 2279 ribus
400 2224 456 2277 suis
475 2223 548 2276 unde
570 2223 698 2276 oriuntur
718 2227 882 2291 consonant,
902 2242 991 2294 pauca
1008 2225 1159 2291 dissonant,
1173 2227 1206 2276 ut
1218 2240 1287 2276 rana
1298 2241 1398 2278 ranuu·
1496 2233 1508 2250 ·

302 2296 389 2362 culus,
410 2296 511 2363 unguis
529 2294 644 2363 ungula,
663 2294 807 2363 glandium
827 2295 968 2363 glandula,
986 2297 1052 2350 beta
1070 2297 1211 2359 betausius,
1233 2295 1325 2348 malua
1343 2311 1399 2348 rna·

302 2368 423 2433 luaceus,
442 2366 591 2434 pistrinum
609 2365 739 2435 pistrilla,
756 2371 788 2419 ut
809 2366 954 2420 Terentius
973 2366 1003 2420 in
1021 2367 1164 2436 Adelphis,
1183 2365 1257 2419 ensis
1276 2366 1398 2420 ensicula

303 2443 332 2493 et
351 2438 504 2492 ensiculus:
525 2437 639 2490 Plautus
658 2437 688 2489 in
706 2436 841 2490 Rudente.
859 2436 929 2492 Ere.
950 2455 1065 2507 gramm.
1082 2436 1309 2508 1p.535‚21K.:
1328 2437 1398 2492 illud

302 2526 369 2564 uero
387 2508 546 2563 memineris
564 2507 639 2577 quod
651 2525 760 2576 semper
771 2509 974 2562 deminutiones
992 2511 1140 2578 generibus
1152 2508 1208 2562 suis
1220 2509 1294 2561 unde
1305 2510 1397 2563 oriun-

302 2585 349 2636 tur
367 2583 531 2646 consouant,
549 2597 638 2649 pauca
657 2579 809 2645 dissonant,
827 2584 859 2633 ut
877 2597 945 2634 rana
963 2582 1139 2647 ranunculus,
1160 2579 1303 2650 glaudium
1321 2580 1397 2649 glan·

303 2651 404 2717 dicula,
422 2654 488 2706 beta
499 2652 638 2711 betaceus,
657 2651 748 2704 malua
761 2653 925 2717 maluaceus,
943 2653 1093 2721 pistrinum
1107 2651 1234 2722 pistrilla,
1253 2651 1397 2706 utTeren·

301 2725 357 2778 tius
371 2725 414 2777 'in
441 2723 584 2792 Adelphis,
613 2722 687 2775 ensis
710 2722 833 2776 ensicula
851 2725 879 2777 et
897 2724 1049 2777 ensiculus:
1078 2724 1193 2777 Plautus
1212 2723 1241 2775 in
1259 2719 1395 2777 Rudente.

301 2815 328 2865 p.
338 2795 400 2861 551,
411 2794 461 2848 36:
489 2811 598 2862 semper
614 2792 825 2866 ὑποκορίσματα
848 2795 996 2864 generibus
1021 2795 1078 2848 suis
1095 2795 1169 2848 unde
1187 2794 1316 2847 oriuntur
1333 2812 1397 2848 con·

302 2871 411 2932 sonant,
430 2883 519 2935 pauca
537 2866 690 2925 dissonant,
709 2870 740 2919 ut
752 2866 821 2920 haec
830 2882 899 2919 rana
907 2867 1085 2934 ranunculum
1101 2867 1202 2936 unguis
1210 2865 1322 2934 ungula,
1334 2867 1400 2920 beta

302 2940 443 3005 betaceus,
464 2938 557 2992 malua
577 2938 744 3004 meluaceus,
761 2937 910 3006 pistrinum
926 2936 1055 3006 pistrilla,
1073 2939 1146 2992 ensis
1165 2936 1295 2990 ensiculo.
1317 2937 1397 2991 Char.

302 3028 329 3080 p.
342 3009 385 3077 94,
401 3009 431 3062 2:
450 3008 647 3063 deminutionis
666 3008 847 3076 inaequalitas
868 3009 938 3062 dura
961 3013 1012 3075 est,
1040 3013 1074 3062 ut
1099 3009 1208 3062 iuuenis
1227 3007 1399 3076 iuuenculus,

304 3081 381 3139 canis
395 3081 511 3148 catulus,
529 3081 621 3148 puluis
638 3079 817 3149 puluisculus,
833 3080 929 3137 uiuum
942 3080 1075 3148 uinclum,
1092 3080 1165 3134 talus
1177 3079 1299 3148 taxillus,
1319 3080 1399 3149 panis

324 3151 441 3219 catillus,
461 3152 543 3205 homo
563 3149 745 3206 homunculus
765 3156 794 3206 et
813 3151 969 3218 homuncio,
989 3151 1074 3222 piscis
1092 3151 1242 3222 pisciculus
1262 3155 1291 3206 et
1308 3151 1399 3220 piscu-

303 3171 355 3278 lus.
379 3223 462 3278 Diorn
483 3241 510 3293 p.
521 3221 582 3289 326,
593 3223 623 3276 9:
642 3221 717 3290 apud
732 3239 783 3276 nos
803 3222 994 3276 diminutionis
1008 3223 1061 3276 hoc
1073 3239 1160 3292 genus
1178 3226 1307 3276 seruatur
1326 3221 1401 3292 quod

305 3298 348 3348 est
366 3294 471 3364 primae
490 3293 648 3364 positionis,
676 3292 706 3345 id
733 3299 777 3347 est
800 3293 890 3363 prima
915 3293 1062 3348 diminutio
1084 3335 1090 3348 .
1109 3335 1115 3348 .
1134 3335 1139 3348 .
1161 3298 1225 3348 sunt
1242 3293 1311 3346 item
1332 3311 1401 3362 quse

304 3383 362 3419 non
380 3370 493 3419 seruant
511 3383 622 3434 genera,
642 3381 712 3434 quae
731 3383 765 3420 ex
777 3364 934 3420 nominibus
950 3365 1056 3434 primae
1065 3364 1213 3436 positionis
1225 3369 1400 3434 acceperunt,

304 3441 337 3491 ut
356 3441 465 3492 scutum
487 3437 597 3490 scutula
616 3436 738 3503 scutella,
758 3436 907 3506 pistrinum
925 3436 1054 3506 pistrilla,
1078 3437 1155 3492 cauis
1175 3435 1308 3504 canicula,
1334 3453 1402 3490 rana

305 3509 482 3578 ranunculus,
501 3509 600 3578 unguis
616 3507 721 3578 ungula
737 3509 849 3579 ungella
868 3508 1013 3579 ungellula.
1050 3507 1136 3562 Prisc.
1148 3507 1232 3564 {1144
1249 3526 1278 3578 p.
1294 3506 1354 3576 115,
1372 3507 1401 3562 6:

407 3705 424 3760 2
448 3701 624 3762 diminutiuo
639 3703 700 3766 coel.
713 3703 957 3779 Suapermoncns.
970 3707 1047 3764 1179
1068 3720 1142 3768 suec.
1162 3703 1271 3764 VIIII
1276 3701 1324 3764 uel
1338 3701 1371 3764 X
1385 3699 1402 3777 ΙΙ

306 3808 512 3863 cognoscemus
533 3788 684 3864 Sanqerm.
698 3793 775 3848 1179
797 3783 813 3867 ΙΙ
841 3789 857 3846 3
881 3787 1243 3914 ἕροοοιίειιιιιιιθῃεεῗίιιιιιιρθι
1263 3787 1400 3862 generib:

306 3924 366 3982 suis
387 3921 449 3980 und
471 3964 479 3980 .
501 3965 508 3979 .
532 3923 609 3980 .-hic
629 3923 783 3981 ranuncul:
806 3921 854 3979 hic
876 3923 962 3996 ungis
988 3920 1059 3979 haec
1086 3921 1207 4000 ungula.
1230 3921 1252 3979 h
1274 3965 1281 3979 .
1372 3921 1401 3980 h.

305 4005 458 4084 pastillum
474 4011 515 4065 'ut
535 4025 625 4064 uarro
649 4007 725 4064 dixit
745 4007 817 4066 haec
836 4005 906 4063 beta
927 4005 975 4063 hic
996 4007 1099 4064 betace
1192 4007 1221 4064 h.
1243 4006 1401 4084 pistrinum

305 4087 378 4148 haec
397 4088 527 4167 pistrilla
547 4095 582 4149 ut
603 4093 745 4150 terentius
765 4094 796 4148 in
816 4091 854 4150 ad
878 4091 991 4148 ...sic
1012 4093 1043 4148 in
1065 4091 1189 4149 rudente
1210 4092 1346 4170 plautus:
1369 4089 1405 4149 N

306 4177 429 4248 reliqna,
452 4194 526 4250 quae
545 4178 587 4235 ibi
606 4178 666 4235 iam
682 4177 738 4250 lapi
756 4194 815 4235 non
831 4178 964 4250 possunt,
988 4175 1151 4235 solariete
1173 4193 1233 4236 ccc.
1255 4192 1400 4251 prumano-

308 4261 519 4319 descensione
537 4261 676 4333 principe
692 4261 835 4320 Diomede
852 4257 1006 4319 Preciano
1024 4260 1163 4332 supparo
1176 4253 1224 4338 ΙΙΘ
1246 4259 1401 4318 Terentius

309 4342 368 4402 Ad.
390 4344 476 4402 IIII
483 4347 515 4414 2,
527 4345 566 4403 44
579 4346 594 4414 ΙΙ
610 4346 627 4402 9
649 4342 698 4401 hio
719 4362 773 4403 om.
795 4344 866 4403 libri
879 4336 1031 4422 llPlautus
1053 4345 1132 4404 Rau.
1152 4344 1238 4403 IIII
1246 4349 1274 4414 4,
1287 4347 1348 4402 112
1360 4334 1379 4420 ΙΙ
