3152 5142
683 479 722 536 69

158 653 290 739 quidem
311 653 452 722 uidetur.
473 653 624 720 adhunc
646 655 747 742 igitur
768 657 878 720 locum
901 656 1012 724 Rufini
1032 655 1254 725 testimouium

158 762 210 846 (fr.
231 763 286 848 71)
314 763 356 828 de
380 763 498 831 fabulis
521 764 681 830 Plautinis
703 773 736 830 et
760 763 966 832 Terentiauis
989 764 1048 848 (ci.
1069 764 1108 832 F.
1129 765 1256 836 Ritsehl

155 892 297 958 parerga
317 871 421 938 Plsut.
448 881 480 938 et
501 871 633 938 Terent.
654 873 672 938 1
692 872 810 960 pete)
831 872 950 938 refero.
1009 929 1013 938 .
1109 919 1134 966 Ι,

255 979 315 1046 His
331 980 523 1068 'praemissis
546 980 595 1045 'ad
623 982 753 1067 singula
784 993 936 1048 versuum
965 1003 1089 1068 genera
1116 983 1251 1068 transiit,

157 1111 238 1178 quae
256 1089 369 1156 eedem
384 1112 447 1174 quo
459 1091 651 1179 plerumque
664 1113 703 1158 ea
714 1090 840 1156 metrici
851 1089 943 1156 latini
966 1090 1080 1160 ordine
1101 1093 1253 1180 proferre

155 1199 272 1282 solent,
296 1219 369 1264 eum
390 1198 594 1268 recensuisse
616 1209 706 1288 pute,
728 1208 763 1264 ut
785 1198 924 1286 primum
941 1201 1028 1280 γένος
1051 1195 1121 1262 ἴσον
1145 1197 1255 1262 diutri-

155 1329 224 1370 σιον
249 1304 403 1388 ἡμιόλιον,
425 1309 545 1374 deinde
567 1331 682 1374 uersus
704 1311 892 1398 conpositos
914 1319 1079 1378 tractaret.
1114 1311 1252 1399 diligen-

155 1425 205 1482 ter
226 1417 307 1483 haec
328 1418 438 1484 omnia
459 1427 648 1506 persecutus
671 1429 730 1502 est,
748 1430 784 1485 ut
805 1420 988 1506 fragmenta
1003 1441 1086 1508 quae
1101 1419 1165 1486 huc
1181 1443 1254 1507 per-

155 1525 259 1592 tinere
283 1526 394 1594 docuit
422 1528 549 1594 Ritschl
577 1538 699 1614 quaest.
722 1529 818 1598 Varr.
842 1554 873 1618 p.
888 1531 931 1594 34
947 1551 996 1614 sq.
1019 1530 1254 1600 demonstrant.

155 1634 235 1722 quid
257 1657 336 1704 uero
359 1635 401 1702 de
423 1635 562 1723 singulis
583 1637 731 1704 statuerit
749 1637 974 1723 relliquiarum
988 1639 1131 1727 paucitas
1151 1639 1254 1706 disee·

156 1753 248 1832 ptare
272 1753 371 1810 uetat.
393 1768 468 1812 nam
489 1746 573 1814 nihil
596 1745 666 1812 fcrc
689 1746 730 1812 de
752 1746 863 1814 metris
887 1747 1061 1832 dactylicis
1090 1749 1254 1832 traditum,

153 1876 258 1941 pauca
280 1853 321 1920 de
342 1855 498 1939 iambicis,
522 1855 714 1942 paucissima
736 1855 777 1920 de
796 1855 979 1942 conpositis.
1003 1856 1150 1942 quamuis
1167 1857 1255 1924 enim

72 2013 83 2028 ,
154 1964 188 2030 in
210 1963 383 2032 Diomedis
404 1965 611 2054 expositione
635 1965 676 2030 de
698 1965 887 2054 hexametro
910 1965 1070 2050 dactylico
1093 1965 1253 2051 quaedam

154 2099 172 2138 a
196 2074 349 2140 Varrone
369 2075 507 2162 repetita
520 2096 599 2144 esse
620 2074 763 2158 credam,
792 2075 983 2161 praesertim
1014 2097 1097 2160 quae
1127 2075 1169 2140 de
1198 2099 1253 2142 no-

154 2182 296 2249 minibus
327 2183 396 2250 cius
429 2205 461 2271 p.
481 2184 545 2248 494
568 2205 616 2271 sq.
638 2193 670 2250 et
692 2183 903 2250 incisionibus
923 2206 954 2270 p.
977 2185 1038 2250 497
1072 2183 1252 2268 (elVieto-

153 2292 226 2357 rino
248 2291 266 2356 I
284 2291 365 2376 lat)
387 2315 417 2380 p.
429 2291 512 2362 2508
524 2293 576 2372 P.)
596 2293 762 2377 leguntur,
783 2303 893 2362 tamen
923 2294 1029 2364 minus
1058 2302 1148 2359 certa
1169 2305 1254 2377 suut,

156 2423 253 2485 quam
284 2422 365 2482 quae
395 2400 429 2466 iu
459 2403 719 2486 fragmentorum
741 2402 860 2468 scriem
881 2403 1072 2490 recipienda
1092 2403 1253 2472 duxerim.

153 2533 254 2578 unum
277 2519 403 2578 tantum
425 2519 574 2598 superest
595 2501 770 2580 frustulum
791 2512 877 2597 quod
899 2512 963 2578 huc
983 2512 1175 2598 spectat(fr.
1189 2513 1253 2596 72).

154 2619 393 2690 Archilochum
412 2619 498 2686 enim
523 2620 670 2688 trimetro
693 2620 858 2706 dactylico
881 2622 935 2686 uel
948 2622 1059 2690 heroo
1076 2645 1174 2688 uuam
1188 2623 1254 2706 syl·

153 2729 262 2794 labam
284 2728 449 2798 addidisse
481 2739 514 2794 et
536 2730 636 2798 talem
658 2751 791 2797 uersum
814 2730 962 2797 effecisse
984 2729 1118 2798 tradidit
1140 2731 1253 2820 ‘omni-

153 2846 287 2925 potente
319 2848 455 2925 parente
484 2839 565 2904 meo*
594 2839 683 2924 qued
713 2848 852 2905 metrum
886 2839 1021 2908 Seruius
1053 2839 1252 2926 (centimet.

154 2969 184 3034 p.
196 2948 259 3016 369
274 2945 378 3014 Gaisl.
402 2973 432 3038 p.
446 2948 528 3014 1820
539 2949 592 3031 Ρ.)
616 2949 826 3018 Alemanium
841 2950 865 3027 1)
889 2948 979 3032 dicit,
1004 2949 1254 3016 Archilochium

155 3065 268 3124 contm
289 3065 515 3126 tetrametrum
543 3058 742 3144 dactylicum
772 3059 983 3126 acatalectum
1011 3059 1156 3147 spondeo
1181 3060 1252 3126 fini-

155 3174 223 3231 tum
248 3162 385 3234 Seruius
409 3174 441 3231 et
462 3165 651 3233 Victorinus
675 3167 696 3234 l.
710 3167 730 3231 l.
755 3167 931 3255 adpellant.
972 3191 990 3233 e
1013 3167 1161 3236 iambicis
1184 3191 1251 3234 me-

154 3274 210 3340 tris
233 3275 418 3341 Varronem
437 3274 479 3342 de
501 3275 628 3344 senario
648 3276 794 3344 locutum
815 3299 886 3344 csse
910 3277 1039 3362 seimus,
1072 3300 1090 3343 e
1113 3301 1176 3366 quo
1199 3279 1253 3344 ad-

156 3383 232 3451 ditis
252 3384 357 3452 tribus
377 3384 514 3469 syllabis
538 3385 741 3473 septenarius
759 3387 812 3472 (fr.
828 3387 892 3472 73),
915 3388 1109 3475 praepositis
1127 3389 1254 3456 duobus

309 3541 362 3552 *ιο-

155 3627 217 3666 eum
236 3610 355 3673 scribam
374 3608 535 3667 ostendam'.
553 3625 719 3678 quamquam
740 3608 799 3664 sine
817 3608 902 3666 dubio
920 3625 955 3662 ex
973 3607 1051 3665 libris
1071 3607 1105 3662 dc
1117 3609 1252 3676 poematis

157 3711 221 3762 sunt
245 3725 315 3776 quae
342 3706 465 3762 Isidorus
492 3707 510 3762 l.
531 3707 549 3762 l.
572 3705 659 3760 habet
684 3705 843 3776 ibidemque
863 3705 982 3772 fortasse
1002 3721 1072 3773 quae
1090 3703 1252 3760 Victorinus

155 3803 233 3874 (115,
250 3803 265 3856 1
284 3822 310 3872 p.
329 3802 400 3858 2499
416 3803 448 3874 P)
476 3807 504 3858 et
522 3802 670 3857 Diomedes
696 3803 731 3873 (p.
750 3801 812 3870 473)
838 3819 901 3856 cum
925 3801 969 3854 his
995 3801 1143 3856 coniuncta
1167 3801 1253 3854 luisse

156 3899 306 3954 ostendunt
326 3899 452 3967 exposita
471 3903 559 3965 erant,
578 3902 672 3952 tamen
691 3916 746 3952 non
764 3897 851 3968 magis
872 3897 899 3950 in
919 3897 1003 3951 dubio
1016 3897 1149 3967 relinquit
1159 3897 1252 3951 Victo-

156 3994 209 4047 rini
227 3999 256 4048 et
276 3993 419 4048 Diomedis
438 4013 588 4050 consensus
608 3993 704 4048 eedem
721 3993 834 4048 breuius
854 3993 953 4063 opinor
970 3998 998 4047 et
1017 3994 1095 4062 quasi
1114 3994 1143 4046 in
1162 3998 1252 4046 trans·

158 4107 238 4144 eursu
258 4091 287 4146 in
305 4107 339 4144 eo
357 4091 429 4146 libro
449 4091 554 4161 scripta
570 4091 655 4146 fuisse
673 4091 718 4145 cui
736 4090 829 4146 emnia
846 4091 955 4160 reliqua
973 4091 1086 4144 debent.

255 4188 282 4254 1)
303 4187 363 4254 Quo
379 4187 490 4242 nominc
509 4187 595 4242 etiam
614 4191 809 4242 tetrametrum
826 4187 994 4254 dactylicum
1011 4187 1041 4240 in
1052 4187 1193 4256 dactylum
1202 4159 1253 4242 'da-

158 4283 291 4341 sinentem
309 4284 477 4354 intellegunt
494 4285 608 4339 Seruius
625 4286 642 4340 l.
662 4301 683 4339 s.
703 4301 723 4339 s.
742 4288 771 4338 ct
789 4284 949 4341 Victorinus
970 4283 997 4338 Il
1008 4286 1034 4350 2,
1045 4285 1080 4338 33
1098 4301 1126 4353 p.
1141 4283 1251 4340 25181‘.

159 4379 192 4434 of.
209 4380 354 4435 Rossbach
372 4398 398 4435 u.
417 4379 562 4450 Westphal
581 4379 685 4450 grieeh.
705 4385 784 4435 metr.
803 4398 830 4449 p·
842 4379 886 4434 42.
