3126 5146
807 1175 840 1258 V

374 1386 407 1450 A
427 1385 526 1450 certis
548 1385 602 1450 uel
625 1384 849 1474 probabilibus
870 1382 968 1448 uenio
991 1381 1032 1446 ad
1055 1381 1155 1448 dubia
1169 1390 1201 1447 et
1224 1383 1371 1449 obseura.

275 1494 338 1560 duo
363 1493 450 1560 enim
477 1501 601 1562 restant
631 1514 740 1580 opera,
774 1490 954 1576 dequibus
981 1471 1054 1555 cuin
1081 1499 1214 1578 practer
1242 1490 1371 1566 titulum

274 1601 356 1668 nihil
379 1601 449 1668 fers
467 1601 623 1668 traditum
644 1602 687 1668 sit
704 1601 761 1667 uix
785 1601 892 1666 habeo
914 1598 1001 1684 quod
1023 1599 1139 1666 dicam.

372 1710 463 1777 Libri
484 1711 533 1776 de
555 1709 847 1776 similitudine
866 1709 1091 1774 uerborum
1112 1708 1179 1776 III
1197 1709 1233 1774 in
1254 1708 1371 1778 Hiero·
1411 1766 1416 1778 ,

275 1820 366 1906 nymi
389 1819 497 1886 indice
521 1828 651 1885 exstant
672 1828 705 1884 et
727 1818 829 1885 semel
850 1842 869 1883 a
893 1817 1042 1885 Charisia
1063 1843 1095 1906 p.
1122 1819 1162 1884 91
1185 1841 1369 1886 conmemo-

275 1939 396 1996 rantur.
419 1929 593 1996 similitudo
614 1928 691 2017 quid
713 1929 755 1993 sit
776 1937 808 1994 et
834 1929 911 2015 quid
935 1928 976 1995 de
999 1929 1155 1994 cavan-0
1177 1928 1370 1994 indicauerit

273 2048 310 2104 ut
335 2061 432 2124 quam
453 2037 646 2103 breuissime
677 2037 847 2102 ostendam
874 2038 955 2103 duos
982 2038 1143 2125 adponam
1174 2040 1265 2104 locos
1298 2038 1371 2104 eli-

273 2149 341 2215 bris
354 2147 395 2212 de
405 2148 518 2234 lingua
529 2141 638 2214 latina.
656 2148 719 2214 X3
735 2170 767 2235 p.
777 2147 853 2214 545:
874 2147 927 2240 ‘de
948 2147 1159 2214 similitudine
1181 2160 1215 2213 et
1234 2148 1371 2215 dissimi-

274 2251 413 2324 litudine
441 2257 516 2324 ideo
547 2258 689 2348 primum
711 2257 899 2342 dicendum,
929 2256 1017 2342 quod
1049 2279 1088 2323 ea
1108 2280 1161 2323 res
1182 2268 1232 2324 est
1254 2258 1370 2325 funda·

277 2375 422 2434 mentum
449 2367 593 2433 omnium
617 2367 871 2434 declinationum
894 2389 931 2432 ac
954 2367 1099 2432 continet
1118 2369 1279 2436 rationem
1299 2368 1373 2435 uerss

274 2476 401 2544 borum.
425 2476 530 2542 simile
543 2476 690 2564 estquod
706 2499 759 2544 res
771 2477 943 2565 plerasque
958 2476 1088 2544 uidetur
1106 2478 1226 2545 habere
1241 2479 1372 2545 easdem

273 2608 352 2671 quas
373 2585 456 2651 illud
470 2586 560 2652 cuius
578 2595 627 2652 est
646 2585 761 2652 simile.
784 2585 941 2651 dissimile
965 2597 1025 2671 est,
1049 2587 1136 2672 quod
1151 2586 1282 2654 uidetur
1298 2609 1370 2654 esse

273 2694 471 2760 contrarium
494 2694 599 2761 huius.
647 2695 816 2760 minimum
843 2716 886 2760 ex
913 2695 1039 2761 duobus
1064 2700 1189 2762 constat
1212 2717 1309 2762 omne
1330 2696 1371 2761 si·

274 2802 363 2886 mile,
390 2802 469 2868 item
497 2803 664 2889 dissimile,
701 2804 789 2889 quod
815 2805 897 2870 nihil
917 2813 1027 2892 potest
1047 2827 1119 2870 esse
1145 2805 1261 2891 simile,
1293 2805 1372 2894 quin

273 2911 410 2978 alicuius
433 2910 475 2977 sit
496 2911 613 2995 simile,
647 2911 725 2978 item
746 2913 828 2979 nihil
850 2911 969 2978 dicitur
991 2911 1148 2978 dissimile
1174 2912 1253 2998 quin
1275 2912 1371 2978 adda-

273 3031 326 3088 tur
355 3021 444 3087 euius
474 3022 515 3086 sit
544 3021 721 3090 dissimile‘.
762 3023 903 3090 V11123
924 3022 1047 3111 paul:
1078 3023 1164 3088 ‘cum
1196 3032 1370 3108 utrumque

273 3151 506 3215 nonnunquam
529 3130 664 3215 accidat,
686 3142 721 3196 ut
744 3142 778 3197 et
799 3131 832 3196 iu
857 3131 1041 3197 uoluntaria
1062 3131 1279 3198 declinatione
1303 3131 1369 3196 ani-

272 3239 496 3305 maduertatur
526 3248 642 3306 natura
675 3251 707 3306 et
736 3242 771 3306 in
802 3241 942 3308 naturali
973 3241 1124 3308 uoluntas
1155 3245 1250 3327 (quae
1282 3240 1371 3308 cuius

274 3347 362 3413 modi
385 3349 450 3413 sint
470 3348 636 3437 aperietur
649 3349 781 3436 infra1),
803 3351 890 3439 quod
911 3360 1049 3437 utraque
1071 3351 1288 3417 declinatione
1308 3351 1371 3416 slis

273 3457 356 3523 fiunt
378 3457 495 3523 similia
516 3457 579 3524 alia
608 3459 787 3546 dissimilia,
820 3461 861 3527 de
888 3483 927 3527 eo
954 3460 1063 3548 graeci
1086 3459 1242 3549 latinique
1267 3460 1369 3527 libros

273 3569 424 3633 fecerunt
444 3568 573 3653 multos,
599 3570 717 3657 partim
741 3593 815 3637 cum
838 3570 892 3636 alii
913 3579 1067 3659 putarent
1087 3569 1122 3634 in
1143 3570 1308 3658 loquendo
1332 3592 1371 3636 ss

273 3676 375 3742 uerba
410 3677 502 3764 sequi
535 3688 698 3766 oportere,
734 3702 816 3766 quae
849 3705 868 3745 a
895 3681 1053 3746 similibus
1084 3679 1233 3745 similiter
1261 3687 1371 3745 essent

274 3784 436 3850 declinata
458 3809 537 3873 quas
566 3789 773 3874 appellarunt
795 3786 975 3871 ἀναλογίας,
1010 3788 1064 3854 alii
1094 3812 1168 3854 cum
1194 3787 1229 3852 id
1257 3787 1370 3874 negle-

272 3894 418 3979 gendum
451 3904 604 3981 putarent
632 3921 669 3964 ac
695 3901 804 3988 potius
836 3899 1037 3985 sequendam
1070 3897 1368 3964 dissimilitudinem

274 4025 356 4092 quae
378 4005 412 4069 in
435 4007 669 4074 consuetudine
692 4017 742 4074 est
764 4030 860 4094 quam
883 4018 1003 4075 uocant
1026 4004 1222 4088 ἀνωμαλίαν,
1245 4029 1319 4073 cum
1334 4015 1372 4071 ut

371 4263 399 4329 1)
419 4263 454 4318 of.
465 4262 532 4317 Χ51
543 4281 569 4332 p.
578 4262 646 4318 574:
666 4265 839 4319 uoluntatem
860 4265 923 4322 dico
934 4265 1142 4336 impositionem
1160 4267 1370 4336 uocabulorum,

272 4362 400 4414 usturam
421 4358 635 4414 declinationem
655 4361 863 4429 uocabulorum,
884 4379 939 4433 quo
958 4362 1116 4419 decurritur
1136 4363 1195 4418 sine
1214 4362 1350 4418 doctrina.
