3152 5142
799 433 816 490 6

258 607 426 674 minusad
449 607 581 671 dicendi
603 606 759 690 quemad
782 607 950 716 cogitandi
980 609 1135 692 syntaxin
1161 609 1356 696 pertinuisse

256 717 291 781 in
312 716 486 804 propatulo
510 724 566 780 est.

356 827 447 892 Duas
469 824 571 910 igitur
594 825 745 890 fecerunt
762 835 871 912 partes
895 824 1096 910 dialecticae,
1130 849 1212 912 quaa
1244 849 1356 893 secun-

258 936 334 1000 dum
358 927 517 1000 Senecam
551 935 725 1022 (epists89,
742 934 777 1020 9)
803 935 1020 1024 proprietates
1053 937 1229 1002 uerborum
1253 937 1356 1024 exigit

258 1054 290 1110 et
322 1052 517 1109 structuram
557 1053 590 1107 ct
626 1045 941 1130 argumentationes,
979 1067 1021 1111 ne
1062 1069 1121 1133 pro
1157 1067 1236 1110 uero
1276 1046 1357 1112 falsa

258 1153 445 1240 subrepant,
477 1149 530 1212 τόν
561 1149 636 1230 περὶ
660 1155 714 1232 τῆς
746 1153 854 1234 φωνῆς
882 1146 984 1234 ἢτῶν
1006 1151 1225 1235 σημαινόντων
1248 1153 1352 1230 τόσον,

258 1284 321 1349 quo
346 1261 387 1326 de
409 1282 489 1326 uoce
512 1261 552 1326 de
573 1259 691 1326 litteris
715 1261 755 1324 de
777 1262 944 1328 uocabulis
969 1285 1150 1350 eorumque
1169 1265 1356 1351 pronuntia·

204 1385 205 1391 ’
257 1371 344 1444 tione
368 1369 583 1435 decretionis
607 1370 752 1457 partibus
786 1371 827 1436 de
859 1372 1021 1457 rhythmis
1053 1372 1094 1436 de
1125 1374 1284 1459 poematis
1315 1374 1356 1440 de

257 1480 431 1546 uirtutibus
452 1479 605 1566 uitiisque
631 1478 784 1544 orationis
801 1482 959 1566 agebatur
972 1481 1023 1564 (L.
1035 1479 1216 1560 D.V1144.
1229 1482 1269 1548 55
1282 1483 1357 1568 οφ),

257 1591 394 1654 alteram
420 1609 501 1672 quae
524 1587 566 1652 ad
588 1609 646 1652 nos
669 1610 755 1652 nunc
776 1589 920 1676 pertinet
940 1584 993 1649 τόν
1014 1586 1088 1669 περὶ
1112 1589 1174 1650 τῶν
1205 1589 1355 1672 πραγμά-

256 1719 318 1760 των
349 1690 369 1778 ἢ
396 1697 458 1758 τῶν
482 1696 725 1776 σημαινομένων
749 1681 855 1772 τόσον,
887 1697 941 1785 qui
965 1705 1096 1784 praeter
1123 1693 1177 1758 τόν
1199 1697 1274 1778 napi
1295 1699 1355 1760 τῶν

259 1808 444 1892 φαντασιῶν
475 1805 570 1868 τόσον
600 1805 649 1888 (L.
666 1807 708 1872 D.
722 1806 790 1872 VH
803 1806 859 1886 43)
886 1808 1153 1894 conplectebatur
1182 1802 1216 1869 τό
1240 1806 1357 1895 λεκτόν,

207 1983 209 1988 ,
259 1919 346 2004 quod
363 1919 402 1983 ab
425 1916 601 1982 Ammonio
627 1902 682 2000 (etl
705 1916 842 1981 Aristot.
869 1940 901 1978 τι.
923 1908 992 1996 έρμ.
1014 1941 1046 2005 p.
1066 1916 1141 1982 100³
1164 1918 1235 2000 Br.)
1258 1916 1357 1996 μέσον

256 2028 312 2090 τοῦ
342 2047 374 2086 τε
406 2029 561 2104 νοήματος
593 2023 648 2085 καί
679 2024 876 2106 πράγματος,
909 2026 1052 2094 aSexto
1075 2027 1241 2114 Empirico
1267 2027 1355 2113 (adu.

257 2136 354 2200 math.
366 2135 454 2200 VIII
469 2135 518 2198 70.
542 2135 581 2198 ef.
601 2132 637 2199 L.
650 2135 693 2200 D.
705 2134 775 2200 Vll
788 2133 841 2218 73)
862 2132 897 2196 τό
919 2133 999 2198 κατὰ
1022 2132 1148 2218 λογικὴν
1175 2137 1356 2219 φαντασιάν

258 2241 473 2327 ὑφιστάμενον
496 2243 689 2330 explicatur.
732 2253 824 2310 erant
854 2254 961 2310 autem
985 2241 1024 2306 τό
1047 2243 1141 2307 λεκτά
1163 2255 1219 2310 aut
1242 2245 1357 2328 ἐλλιπῆ

257 2362 311 2419 aut
332 2348 491 2432 αὐτοτελῆ.
514 2351 626 2432 ἐλλιπῆ
649 2352 815 2418 enuntiata
835 2363 926 2418 erant
949 2377 997 2439 ea,
1021 2377 1102 2441 quae
1124 2355 1224 2420 esolo
1242 2356 1355 2439 uerba,

258 2463 344 2550 quod
368 2461 602 2528 nominatiuum
631 2471 666 2526 ut
695 2462 829 2549 plenum
860 2464 916 2528 uel
947 2460 1110 2534 αὐτοτελές
1129 2464 1186 2530 fiat
1208 2464 1355 2548 requirit,

257 2579 403 2636 constant
426 2580 461 2635 ut
484 2572 657 2651 περιπατεῖ
677 2569 727 2652 (L.
740 2570 865 2638 D.VII
883 2571 938 2655 63)
962 2572 1142 2660 eademque
1167 2581 1200 2638 et
1221 2595 1336 2654 κατηγο

258 2677 382 2760 ρήματα
398 2688 430 2744 at
446 2677 642 2758 συμβάματα
665 2678 883 2767 adpellabaut,
908 2680 1023 2768 quibus
1045 2683 1259 2767 praeterhac
1281 2682 1355 2751 sim-

256 2787 336 2874 plex
357 2785 574 2871 κατηγόρημα,
607 2789 743 2854 uerbum
773 2789 1013 2856 intransitiuum
1034 2800 1071 2854 ut
1096 2792 1216 2856 nostris
1245 2772 1354 2857 termi-

255 2896 307 2962 nis
331 2907 404 2962 utar
426 2920 503 2963 casu
527 2898 660 2982 obliquo
684 2922 752 2964 non
777 2919 889 2985 egens,
923 2899 1020 2964 etiam
1051 2900 1257 2968 transitiuum
1284 2923 1355 2966 uer-

256 3009 333 3073 bum
355 3007 614 3074 adnumerabant
635 3007 704 3072 sine
726 3009 911 3074 accusatius
936 3009 1088 3094 positum,
1119 3005 1246 3072 ἔλαττον
1266 3004 1342 3090 ἢκα

256 3115 431 3203 τηγόρημα,
455 3127 488 3181 et
508 3117 587 3184 duas
609 3118 785 3184 uerborum
796 3117 1053 3204 inpersonalium
1066 3119 1196 3202 classes,
1219 3119 1355 3185 alteram

257 3249 339 3311 quae
367 3249 466 3291 unum
499 3249 607 3291 casum
629 3225 794 3313 obliquum
815 3227 921 3314 poscit
944 3238 980 3292 ut
1004 3225 1175 3308 μεταμέλει
1201 3230 1259 3311 (se.
1281 3228 1354 3287 Σω-

256 3336 379 3420 κράτει)
405 3333 649 3414 παρασύμβαμα
672 3335 742 3402 siue
759 3335 1079 3420 ἀαρακατηγόρημα,
1116 3338 1250 3404 alteram
1273 3358 1354 3426 quae

257 3445 337 3510 duos
360 3468 453 3510 casus
476 3444 623 3530 obliquos
646 3445 798 3532 postulat,
819 3455 855 3510 ut
876 3445 966 3524 μέλει
990 3445 1050 3528 (se.
1067 3444 1231 3527 Σωκράτει
1251 3443 1354 3510 Ἁλκι.

255 3529 401 3637 βιάόοος)
426 3550 554 3616 ἔλαττον
575 3549 595 3636 ἢ
616 3552 872 3635 παρασύμβαμα,
887 3557 911 3639 ¹)
956 3555 1032 3620 huic
1060 3556 1132 3620 loeo
1165 3554 1354 3622 tribuebant

357 3843 383 3911 1)
404 3843 436 3897 Iu
456 3843 497 3896 his
517 3847 627 3898 secutus
649 3861 709 3896 sum
724 3844 907 3913 Porphprium
928 3845 1067 3914 apAmm.
1087 3844 1117 3899 in
1137 3847 1224 3902 Arist.
1244 3871 1274 3902 τι.
1291 3851 1352 3921 ἑρμ.

255 3959 281 4008 p.
295 3939 361 3994 104ὶι
373 3939 420 3994 Br.
439 3944 468 3993 et
485 3939 576 4009 Apoll.
599 3939 625 3993 d.
646 3944 717 4008 synt.
735 3940 780 3993 18
799 3959 825 4009 p.
836 3940 870 3993 31
889 3941 1021 3994 B.11132
1040 3961 1067 4011 p.
1084 3943 1144 3997 299.
1172 3945 1206 4000 de
1224 3962 1351 4014 pronora.

255 4055 281 4104 p.
293 4035 352 4088 146.
384 4036 418 4090 cf.
435 4035 549 4090 Lucian.
569 4037 618 4090 uit.
638 4041 711 4092 auct.
728 4037 770 4090 21.
805 4037 836 4089 R.
848 4037 974 4091 Schmidt
994 4039 1011 4092 l.
1030 4039 1048 4092 l.
1068 4058 1095 4109 p.
1108 4039 1151 4094 64.
1179 4042 1277 4095 Prantl
1295 4043 1313 4095 l.
1333 4043 1351 4094 l.

255 4149 282 4199 p.
298 4130 350 4184 439
364 4149 404 4198 sq.
424 4130 561 4184 Steinthal
579 4133 596 4184 l.
608 4132 626 4184 l.
645 4151 672 4200 p.
685 4132 746 4186 298.
774 4131 871 4186 Suidas
889 4151 915 4184 u.
937 4127 1071 4206 σύμβαμα
1093 4137 1187 4191 nescio
1206 4153 1288 4205 quem
1307 4156 1353 4192 ex·

256 4226 370 4294 scripsit
387 4244 443 4280 non
462 4208 618 4282 accuratius
637 4245 718 4298 quam
738 4247 762 4282 u.
783 4223 960 4302 κατηγόρημα
980 4230 1123 4286 Laertium
1140 4233 1221 4302 Diog.
1240 4233 1300 4300 Vll,
1318 4233 1353 4289 63

257 4340 304 4392 sq,
323 4322 352 4375 in
372 4341 426 4408 quo
445 4323 506 4394 ipso
527 4325 652 4380 lacunam
674 4343 733 4380 esse
753 4326 805 4380 diu,
819 4325 993 4400 intellectum
1018 4332 1067 4382 est.
1106 4327 1263 4382 Priscianus
1286 4347 1352 4384 uero
