3152 5142
835 491 875 548 48

303 674 378 731 caim
399 689 458 730 aon
477 674 572 745 potest
591 673 627 750 in
645 689 703 729 cao
724 672 837 731 tunice
860 673 1000 732 casasola
1021 673 1073 731 sed
1093 675 1258 741 obturatio
1280 693 1344 734 oum
1357 675 1400 733 ol·

302 784 362 839 tero
384 782 555 850 conlocata·
577 773 618 837 cf.
633 771 749 839 Isidcr.
764 773 805 837 do
818 773 886 838 diff.
902 776 992 838 uorb.
1007 774 1077 839 578.
1100 796 1162 859 qua
1182 776 1398 863 explicatione

303 905 375 946 cum
389 881 565 947 doceamur
576 883 680 968 ipsum
693 883 783 968 loqui
795 883 849 948 uel
863 883 954 948 effari
966 883 1000 947 in
1012 885 1169 950 sermonis
1183 886 1315 949 notione
1327 869 1400 949 con*-

301 993 499 1079 prehensum
524 1014 605 1076 esse,
625 992 714 1057 idem
736 993 873 1056 aliorum
894 993 1090 1080 scriptorum
1105 995 1304 1059 consuetudo
1324 1017 1399 1060 con-

300 1097 418 1179 firmat,
439 1095 631 1183 pracsertim
655 1094 823 1161 Ciceronis
846 1095 932 1182 apud
952 1117 1049 1180 quem
1074 1118 1179 1161 scrmo
1201 1119 1269 1161 non
1294 1096 1399 1159 solum

301 1204 499 1270 cotidianum
519 1205 675 1291 loquendi
698 1227 831 1289 morem,
850 1227 966 1270 uerum
985 1206 1082 1270 etiam
1100 1206 1202 1294 ipsam
1222 1206 1398 1270 uerborum

274 1357 279 1364 -
301 1313 516 1401 prolationem
539 1314 708 1400 significat,
742 1315 782 1378 de
808 1325 887 1380 orat.
910 1315 962 1379 Ill
985 1315 1090 1399 laco
1113 1317 1219 1398 ‘atquc
1245 1323 1281 1378 ut
1300 1313 1398 1378 latine
1511 1392 1513 1398 Ι

300 1423 472 1508 loquamur
493 1445 559 1488 non
580 1425 684 1489 solum
706 1425 883 1489 uidendum
907 1434 955 1489 est
980 1433 1015 1488 nt
1041 1433 1073 1489 ot
1095 1425 1195 1488 uerba
1224 1423 1398 1488 offeramus

302 1555 340 1598 ea
363 1554 444 1620 quae
464 1549 561 1598 nemo
592 1531 662 1596 iure
695 1534 924 1618 reprehendat,
955 1543 987 1598 et
1018 1555 1055 1598 ca
1086 1533 1133 1599 sic
1157 1543 1190 1597 ct
1215 1533 1343 1599 casibus
1367 1541 1399 1595 ct

301 1641 502 1730 temporibus
526 1650 558 1704 ot
578 1662 703 1725 genere
725 1652 758 1706 ot
778 1665 914 1708 numero
939 1665 1179 1726 conserucmus,
1203 1653 1238 1707 ut
1261 1640 1398 1726 nequid

300 1752 524 1839 perturbatum
548 1775 585 1816 ac
607 1751 795 1838 discrepans
818 1763 872 1818 aut
894 1762 1140 1841 praeposterum
1156 1753 1208 1837 sit,
1229 1751 1400 1816 sedetiam

301 1861 415 1948 lingua
435 1870 468 1924 ct
484 1860 615 1948 spiritus
636 1870 668 1925 et
689 1861 777 1927 uocis
800 1885 897 1926 sonus
912 1871 960 1928 eat
976 1863 1047 1948 ipse
1066 1860 1296 1942 moderandus.
1317 1860 1396 1924 nolo

303 1969 441 2056 exprimi
455 1971 578 2035 litteras
594 1971 750 2058 putidius,
774 1973 849 2036 nolo
872 1972 1037 2038 obscurari
1056 1970 1294 2057 neglegentius,
1322 1970 1399 2035 nolo

301 2081 402 2146 uerba
428 2079 558 2146 exiliter
581 2081 722 2146 animata
744 2081 845 2164 exire,
868 2082 943 2146 nolo
963 2081 1074 2144 inflata
1090 2089 1121 2145 et
1140 2080 1228 2166 quasi
1248 2079 1400 2144 anhelata
1506 2081 1510 2090 '

302 2186 444 2271 granius.
469 2211 543 2251 nam
567 2188 607 2251 dc
631 2209 713 2253 uoce
734 2189 880 2253 nondum
906 2211 944 2252 ea
966 2189 1039 2254 dico
1065 2209 1147 2272 quae
1167 2189 1400 2270 suntactionis,

293 2295 360 2359 ¹aed
382 2296 445 2360 hoc
468 2296 554 2380 quod
577 2297 655 2360 mihi
681 2320 756 2361 curn
779 2319 975 2365 sermone
998 2296 1088 2383 quasi
1117 2297 1325 2362 coniunctum
1352 2298 1400 2361 ui-

303 2405 419 2471 detur'.
463 2407 562 2491 1159,
576 2405 634 2469 241
663 2408 722 2473 ‘est
745 2417 852 2472 autom
876 2409 956 2472 haec
978 2407 1072 2472 huius
1095 2407 1225 2492 generis
1249 2407 1307 2501 (se.
1325 2431 1398 2471 nar·

301 2516 450 2600 rationis)
475 2517 577 2583 uirtus
599 2528 635 2584 ut
658 2516 703 2581 ita
726 2519 810 2582 facta
833 2518 1047 2601 demonstres,
1079 2527 1115 2582 ut
1135 2539 1242 2582 mores
1266 2518 1335 2581 eius
1359 2517 1399 2581 de

190 2677 194 2683 .
302 2647 365 2713 quo
388 2648 510 2710 narres,
539 2637 576 2690 ut
596 2649 743 2712 sermo,
777 2637 813 2692 ut
833 2627 940 2692 uoltus
959 2649 1070 2692 omnes
1094 2626 1327 2712 exprimantur,
1363 2635 1398 2691 ut

302 2736 348 2800 eis
367 2737 421 2820 qui
437 2736 573 2802 audiunt
584 2737 657 2822 geri
672 2737 728 2800 illa
742 2737 879 2821 fierique
893 2737 1073 2801 uideantur'
1087 2737 1125 2820 ¹).
1147 2735 1285 2800 eandem
1301 2759 1397 2823 quarn

300 2846 402 2912 altero
423 2827 496 2910 loco
518 2847 788 2934 pronuntiationis
808 2849 877 2912 uim
900 2869 1006 2911 sermo
1028 2847 1126 2911 habet
1149 2847 1183 2910 in
1205 2846 1319 2932 Nigidi
1341 2845 1395 2911 Fi·

300 2954 383 3042 guli,
396 2955 560 3043 scriptoris
572 2957 605 3020 in
618 2956 728 3024 multis
739 2957 837 3022 rebus
851 2953 1032 3020 Varronem
1048 2957 1150 3020 sconti
1167 2956 1221 3038 (cf.
1237 2955 1281 3021 M.
1294 2955 1398 3019 Hertz

302 3064 342 3130 dc
354 3065 468 3150 Nigid.
480 3065 554 3150 rig.
567 3065 650 3131 stud.
664 3074 696 3130 et
707 3065 830 3152 operib.
847 3090 878 3153 p.
892 3064 930 3128 12
940 3068 1015 3150 sq.)‚
1039 3065 1267 3132 conmentariis
1290 3085 1397 3148 gram-

301 3173 425 3238 maticis
446 3174 479 3238 in
503 3173 592 3240 Gelli
613 3173 712 3256 XIII,
729 3175 790 3257 6,ss
814 3174 974 3240 ‘rusticus
988 3174 1024 3238 fit
1046 3196 1178 3239 sermo
1199 3173 1225 3237 si
1248 3172 1396 3259 adspires

301 3284 495 3370 perperam’.
531 3302 579 3348 ex‘
594 3283 664 3369 ipso
688 3283 788 3367 igitur
809 3283 968 3349 librorum
990 3283 1099 3349 indice
1124 3306 1190 3349 non
1213 3283 1398 3369 inprobabi-

302 3393 378 3457 liter
401 3393 557 3475 cfficeres‚
579 3392 623 3458 ibi
647 3392 821 3480 praecipue
835 3380 897 3458 ¹ens
921 3414 991 3458 esse
1015 3402 1167 3459 tractatas
1192 3393 1399 3480 quaestiones

302 3522 384 3585 quae
409 3500 451 3565 ad
475 3510 597 3566 rectam
618 3503 795 3567 uerborum
817 3501 1115 3588 pronuntiationem
1141 3511 1173 3565 et
1195 3505 1313 3588 puram
1333 3502 1398 3565 elc-

301 3618 498 3694 gentemque
520 3610 712 3676 latinitatem
737 3611 912 3698 pertinent.
939 3611 1026 3696 quod
1048 3609 1074 3676 si
1091 3611 1201 3699 paullo
1215 3611 1397 3676 accuratius

302 3719 609 3797 circumscribimus,
638 3720 808 3787 Ciceronis
831 3721 941 3786 uerbis
963 3743 1045 3808 quac
1068 3720 1163 3787 modo
1183 3721 1398 3809 excripsimus

301 3831 361 3907 usi,
384 3829 524 3894 Varroni
551 3829 714 3915 agendum
736 3829 835 3894 fuisse
867 3829 907 3894 de
935 3831 1028 3896 uocis
1052 3852 1130 3896 sono
1155 3831 1195 3894 de
1219 3829 1334 3918 spiritu
1358 3831 1398 3894 dc

405 4101 430 4168 1)
453 4101 487 4156 of.
507 4102 528 4155 Ι.
553 4101 581 4154 G.
601 4101 715 4156 Ernesti
732 4102 786 4155 lex.
807 4100 929 4156 technol.
948 4100 995 4154 lat.
1015 4101 1085 4155 rhet.
1104 4120 1132 4170 p.
1144 4101 1204 4156 354.
1230 4101 1262 4154 la.
1275 4101 1399 4155 Doeder-

301 4196 357 4250 lein
376 4197 423 4251 lat.
444 4213 538 4264 synon.
557 4214 585 4249 u.
605 4196 714 4264 etymol.
734 4196 787 4249 1111
798 4195 879 4265 put.
900 4195 1037 4250 Cicorat.
1049 4195 1143 4258 20„67.
1163 4196 1206 4262 23,
1219 4196 1261 4250 79.
1280 4197 1324 4258 45,
1338 4197 1397 4252 154.

302 4294 337 4348 de
353 4296 425 4347 crat.
444 4292 536 4359 11111,
549 4291 592 4348 42.
612 4292 647 4346 ad
664 4291 786 4347 Herenn.
797 4292 837 4344 lll
850 4289 892 4352 13.
903 4291 946 4346 23.
967 4292 1059 4358 Quint.
1077 4293 1141 4346 inst.
1156 4310 1195 4346 or.
1203 4293 1267 4347 VIII
1277 4293 1303 4359 3,
1313 4294 1398 4362 40sq.

288 4392 336 4448 cl.
355 4393 382 4458 3,
401 4392 435 4445 15
448 4408 487 4460 sq.
