3140 5148
723 469 785 530 ΕΠ

208 652 267 718 sed
288 651 490 735 exscribunt,
515 650 571 736 qui
595 651 707 738 quoles
730 657 805 718 sunt
826 647 972 715 scribunt
992 648 1016 714 ii
1039 647 1236 716 describunt.
1283 673 1302 714 u

207 781 304 824 scene
325 759 416 825 uenit
437 766 640 846 spectator,e
658 779 755 824 scene
767 756 858 822 uenit
879 757 934 842 qui
950 757 1029 844 egit,
1050 767 1302 846 contrcspects-

207 877 258 934 tor
280 889 298 934 e
318 869 456 950 theatro,
478 867 636 932 uthentro
656 875 754 932 ector.
782 866 822 930 de
844 886 942 931 soene
964 865 1107 950 loquitur
1130 866 1185 952 qui
1207 866 1248 932 de
1265 887 1303 931 ea
1360 937 1363 942 ,

206 977 291 1042 bene
314 1000 355 1042 en
376 975 460 1041 mele
482 982 595 1040 ornata
614 974 657 1040 sit
677 973 832 1061 loquitur,
845 973 879 1038 in
900 994 997 1039 scene
1010 974 1198 1063 pronuntiat
1212 985 1303 1042 actor.

177 1085 263 1173 tiqui
284 1085 348 1150 hoc
369 1083 458 1150 idem
480 1081 630 1148 subtilius
658 1081 731 1146 nult
756 1081 867 1147 dicere
894 1103 962 1147 non
989 1083 1022 1148 in
1044 1105 1141 1150 scena
1162 1081 1221 1147 sed
1242 1103 1303 1168 pro

210 1213 309 1261 soene
341 1192 422 1259 dicit
453 1192 665 1280 pronuntiare
700 1201 853 1258 actorem.
906 1215 982 1258 nem
1013 1213 1111 1258 scene
1141 1189 1304 1278 significet

208 1322 329 1390 graece
354 1301 501 1384 ‘domus',
523 1323 541 1367 e
564 1323 660 1368 scena
683 1309 773 1366 actor
796 1301 887 1385 exiit,
916 1301 1008 1368 uenit
1027 1300 1062 1366 in
1080 1299 1243 1390 pulpitum
1263 1322 1301 1365 uc

118 1491 121 1500 ⁴
207 1411 416 1496 uestibulum,
436 1435 495 1500 pro
513 1433 611 1478 scena
630 1409 739 1499 itaque
761 1420 850 1476 ector
872 1418 931 1476 est.
954 1433 1029 1477 cum
1051 1418 1095 1476 eo'
1112 1407 1203 1488 uenit
1225 1407 1301 1475 dici-

208 1537 278 1585 mus
301 1519 444 1607 prodire,
472 1520 526 1608 qui
540 1519 636 1585 domo
654 1519 784 1584 excedit
805 1517 998 1607 procedere,
1020 1518 1139 1607 quiex
1163 1540 1201 1584 es
1224 1516 1302 1603 quid

160 1641 195 1696 10
209 1627 297 1692 ducit
319 1628 512 1716 producere.
545 1650 604 1716 pro
624 1627 739 1693 rostris
761 1626 827 1693 dici
849 1635 978 1714 oportet
1000 1650 1076 1693 cum
1097 1627 1124 1693 is
1149 1626 1204 1712 qui
1227 1648 1302 1692 con·

207 1735 349 1802 tionatur
371 1737 410 1804 iis
433 1735 512 1828 dicit
532 1737 587 1825 qni
607 1746 681 1802 ante
704 1745 810 1802 rostra
828 1745 913 1821 sunt,
936 1757 997 1824 pro
1025 1734 1139 1802 rostris
1161 1735 1300 1800 enimet

208 1855 281 1912 ante
304 1846 392 1912 idem
414 1853 499 1912 sunt.
528 1845 563 1910 in
580 1854 687 1910 nostru
707 1844 864 1928 ascendit,
887 1867 905 1910 e
926 1845 1040 1912 rostris
1062 1843 1239 1928 descendit,
1263 1843 1304 1908 de

207 1955 323 2021 rostris
346 1953 424 2019 dicit
447 1953 500 2041 qui
525 1975 563 2019 ee
586 1952 768 2020 cuiusmodi
790 1953 853 2020 sint
875 1953 966 2020 dicit.
1007 1953 1042 2019 in
1065 1953 1216 2019 contione
1230 1961 1303 2034 stet,
1338 2011 1340 2016 .

209 2085 228 2130 e
258 2065 410 2131 contione
440 2063 542 2150 uenit,
572 2064 613 2129 de
644 2063 795 2129 contione
824 2061 911 2128 dicit.
963 2063 1144 2129 inscribunt
1174 2062 1303 2151 quidam

164 2173 311 2241 1tliteris
337 2173 395 2239 ‘e’:
417 2159 510 2240 detes
533 2175 561 2239 ‘e
574 2172 705 2257 Gallia',
716 2173 796 2238 item
807 2172 836 2237 ‘e
848 2173 972 2255 Roma’,
993 2172 1122 2237 uitiosc.
1161 2193 1236 2237 nam
1258 2171 1305 2237 sic

208 2281 274 2347 dici
297 2291 442 2371 oportet:
466 2283 512 2350 ‘in
530 2283 646 2356 Gutta?
669 2292 702 2350 et
721 2266 877 2352 ‘Rdmue'.
922 2284 1039 2352 dentur
1061 2284 1148 2354 enim
1170 2284 1204 2351 in
1222 2284 1305 2364 loco,

209 2391 392 2458 efferuntur
412 2415 430 2459 e
454 2394 539 2474 loco,
561 2396 709 2480 sequitur
729 2403 765 2461 ut
789 2395 907 2462 dentur
924 2395 962 2490 ¹in
985 2395 1096 2463 Gallie
1117 2403 1149 2460 ot
1170 2394 1303 2460 Romae.

209 2501 419 2592 [praepositio
441 2523 675 2591 nonnunquam
698 2526 875 2592 perunum
897 2501 1025 2570 literam
1045 2502 1211 2584 scribitur,
1246 2498 1303 2566 sed

209 2687 339 2740 neretur:
360 2702 394 2742 ex
410 2685 554 2756 Hymetto.
588 2687 642 2742 hoc
660 2705 805 2742 scruemus
824 2693 853 2743 et
872 2687 984 2758 quidem
1004 2687 1028 2742 si
1055 2691 1188 2742 secuntur
1210 2702 1304 2751 uoces,

208 2757 812 2898 textuit?tttttnttttttttt
823 2759 1058 2901 tittttttt
1077 2762 1116 2884 ii
1130 2758 1306 2897 &bittit

209 2899 244 2954 ub
261 2899 491 2956 Atheniensibus.
526 2901 573 2956 sil
593 2873 823 2974 autVsequutud,
842 2903 912 2957 item
926 2907 958 2955 ut
978 2872 1062 2972 supra,
1081 2902 1137 2956 duo
1155 2903 1306 2959 seruentur

208 2971 294 3024 modi.
323 2971 362 3024 'si
384 2990 437 3042 per
456 2990 485 3026 se
503 2976 569 3026 sunt
587 2977 738 3039 admittunt,
758 2978 790 3027 ut
810 2974 845 3028 eb
863 2973 976 3042 Illyrico
995 2974 1030 3027 ub
1048 2971 1165 3035 Vrbino‚
1192 2971 1216 3025 si
1241 2989 1306 3025 eum

209 3042 299 3095 altere
317 3043 410 3097 noculi
428 3043 573 3108 emittunt,
591 3047 624 3097 ut
642 3063 658 3099 u
675 3044 797 3099 Venusia
815 3063 831 3098 e
851 3045 981 3099 ianitore.
1018 3050 1053 3114 es.
1072 3045 1187 3098 Sueten.
1205 3041 1240 3096 fr.
1252 3045 1305 3097 206

208 3111 291 3167 norff.
309 3112 401 3168 Diom.
419 3132 447 3184 p.
457 3118 519 3180 414,
531 3119 579 3170 32:
599 3132 634 3170 ex
654 3119 684 3170 et
702 3118 738 3183 ab
755 3116 986 3185 praepositiones,
1006 3115 1031 3170 si
1049 3131 1166 3184 sequens
1185 3115 1305 3168 uerbum

209 3183 335 3238 unoculi
352 3185 477 3256 incipiet,
496 3187 607 3257 integre
626 3185 791 3251 efferuntur,
812 3190 844 3241 ut
866 3205 900 3241 ex
918 3187 1020 3257 oppido
1039 3189 1074 3240 ub
1094 3185 1154 3252 illo,
1166 3185 1190 3239 si
1208 3201 1305 3240 conso·

209 3259 309 3322 nentes
337 3259 499 3325 sequuntur,
526 3263 681 3312 extremum
698 3260 824 3312 litteram
840 3259 973 3330 perdunt,
999 3262 1030 3312 ut
1048 3275 1063 3312 e
1081 3257 1143 3316 forn
1166 3257 1305 3312 eMerco.

209 3325 340 3380 similiter
367 3328 391 3382 si
415 3330 521 3383 uocalis
540 3334 674 3398 sequatur
692 3331 871 3386 consonantis
896 3331 958 3384 loco
976 3330 1077 3400 posite,
1102 3331 1135 3384 ut
1159 3327 1305 3383 edunone
1364 3381 1368 3389 ,

209 3414 225 3452 e
243 3399 351 3452 uirtute
368 3417 384 3452 e
401 3399 477 3453 uino.
522 3401 575 3454 hee
595 3405 743 3470 praetcrea
761 3399 984 3472 praepositiones
1003 3419 1059 3456 non
1083 3404 1116 3454 ut
1139 3399 1306 3469 quibusdem

207 3469 322 3524 uidetur
341 3469 408 3539 [non
427 3475 489 3525 tine
507 3479 672 3542 transposuit
692 3477 790 3528 (rurist.
802 3477 898 3528 Potest.
905 3470 934 3527 ¹X
939 3475 1003 3527 t'111
1012 3494 1037 3541 p.
1049 3473 1112 3542 135]
1121 3471 1198 3532 idom
1208 3487 1305 3524 unum-

209 3555 263 3610 que
281 3540 450 3612 signifioent.
481 3561 532 3597 nec
552 3544 625 3598 enim
645 3561 731 3597 unum
749 3547 792 3598 est
811 3543 954 3598 ethentro
972 3545 1069 3598 uenire
1088 3545 1117 3598 et
1137 3541 1304 3596 extheutro.

208 3628 273 3666 nem
300 3612 348 3680 qui
374 3612 443 3667 dicit
470 3631 485 3667 a
510 3614 623 3669 theatro
653 3633 710 3668 non
734 3632 769 3668 ex
792 3616 855 3685 ipso
874 3616 989 3669 theatro
1008 3616 1057 3669 sed
1076 3632 1091 3668 e
1111 3614 1174 3668 loco
1192 3613 1241 3682 qui
1261 3615 1307 3667 est

208 3682 352 3752 proximus
371 3684 493 3748 theatro,
512 3686 561 3754 qui
579 3703 615 3742 en
632 3686 746 3742 theatro
765 3704 794 3740 se
813 3687 910 3741 uenire
922 3686 991 3741 dicit
1001 3704 1038 3740 ex
1054 3686 1116 3756 ipso
1132 3684 1211 3740 uenit
1227 3683 1305 3738 thee·

207 3757 263 3808 tro.
299 3754 342 3809 his
362 3755 619 3825 praepositionibus
644 3758 787 3812 contrarie
806 3760 950 3827 potestate
979 3762 1044 3811 sunt
1069 3757 1104 3811 ud
1121 3760 1152 3811 et
1168 3756 1207 3821 in,
1234 3771 1305 3826 quee

310 3910 324 3963 1
349 3906 371 3964 ii
392 3906 573 3982 describunt]
596 3909 674 3970 idem
695 3909 832 3968 tribuunt
853 3908 884 3968 Β
907 3909 921 3980 ΙΙ
946 3911 965 3966 4
989 3911 1071 3967 actor
1092 3905 1163 3967 add.
1188 3906 1306 3967 Waehs·

208 3991 289 4050 mutto
302 3991 318 4061 ΙΙ
328 3990 351 4054 ,5
372 4009 431 4048 non
442 3981 484 4072 in]
506 3991 535 4048 in
546 4009 600 4052 om.
613 3993 643 4052 Β
656 3993 671 4064 ΙΙ
686 3996 704 4052 6
724 3986 857 4052 sirtorem
872 3993 902 4050 in
914 4011 1000 4052 scona
1011 3991 1177 4068 significare
1185 3987 1216 4049 Β
1228 4007 1304 4049 eoru.

208 4073 242 4133 O.
255 4075 335 4133 Iutrt
348 4073 396 4144 ΙΙΒ
418 4074 606 4135 uestibulum.
628 4098 730 4138 senene
748 4075 778 4136 Β
802 4068 818 4155 ΙΙ
839 4082 943 4136 auctor
964 4094 1047 4138 eraso
1068 4095 1089 4136 u
1109 4071 1140 4136 B
1151 4071 1201 4146 119
1225 4092 1305 4134 euce-

209 4157 254 4217 dit
273 4159 305 4217 Β
326 4150 342 4237 ΙΙ
367 4178 403 4216 ex
424 4159 471 4228 eu]
496 4178 532 4216 ex
553 4159 649 4219 om.B
662 4169 677 4234 ΙΙ
692 4163 772 4239 quod
785 4161 817 4220 B
839 4156 854 4240 Η
880 4164 918 4219 10
941 4160 987 4219 his
1007 4161 1058 4238 qui
1080 4160 1307 4218 concionaturus

209 4239 345 4322 dieitBt
377 4245 413 4300 11
436 4261 491 4319 pro
514 4243 632 4321 rostris]
659 4264 781 4324 prorsus
799 4247 868 4316 Β·ΙΙ
892 4247 930 4304 15
951 4245 1038 4305 litere
1057 4244 1145 4304 deine
1166 4240 1197 4304 Β
1220 4237 1235 4320 ΙΙ
1260 4243 1307 4313 ui-

209 4325 286 4385 cicse
307 4327 338 4388 Β
360 4322 419 4409 116
441 4327 559 4386 Romae.
582 4328 734 4388 Ceduntur
757 4329 788 4388 B
801 4323 817 4410 ΙΙ
833 4332 868 4389 17
891 4328 983 4388 Romu
1006 4328 1037 4388 Β
1050 4321 1065 4410 ΙΙ
1222 4327 1225 4337 ‘
