3140 5148
816 478 874 536 196

297 651 401 724 diuisa
420 652 455 718 in
475 649 562 719 arsin
576 659 609 716 ct
618 650 737 734 thesin,
752 650 807 716 uel
827 660 955 736 tempus
978 669 1041 736 quo
1063 653 1208 736 syllabas
1227 651 1392 718 metimur.

295 761 395 826 latine
419 782 572 828 numerus
595 761 724 827 dicitur.
1369 773 1372 780 '

230 949 296 1014 th*
378 942 521 1009 Metrum
549 951 598 1008 est
629 942 821 1031 compositio
850 943 973 1031 pedum
998 942 1039 1008 ad
1069 951 1194 1009 certum
1214 945 1313 1010 finem
1336 943 1390 1007 de·

296 1051 394 1117 ducta
415 1050 471 1116 uel
494 1050 668 1137 rhythmus
689 1050 793 1115 modis
815 1051 936 1118 finitus.

244 1238 279 1300 66
381 1230 539 1296 Alienum
560 1231 680 1319 pedem
700 1240 804 1297 metra
833 1231 897 1298 nisi
927 1231 1086 1319 recipiant
1117 1231 1232 1298 modus
1254 1193 1322 1298 non
1344 1233 1419 1303 fa-5

296 1340 359 1406 cile
381 1341 492 1407 finitur
514 1348 548 1405 et
569 1341 673 1427 magis
695 1340 869 1426 rhythmus
892 1350 942 1408 est
962 1364 1059 1427 quam
1072 1351 1210 1406 metron.
1235 1351 1267 1406 ct
1281 1341 1389 1408 Varro

295 1559 419 1613 quamur,
438 1539 609 1596 commodius
625 1539 731 1594 utimur
748 1541 863 1610 graecis.
904 1540 984 1595 uides
1009 1544 1103 1596 tamen
1124 1543 1156 1593 ut
1181 1539 1288 1610 opinor,
1307 1557 1389 1610 quam

295 1618 374 1667 recte
391 1617 540 1680 utrumque
558 1628 660 1666 nomen
681 1613 724 1666 his
744 1613 828 1666 rebus
847 1611 884 1666 sit
902 1611 1070 1682 impositum,
1088 1629 1152 1665 nam
1173 1613 1303 1680 quoniam
1321 1613 1392 1667 illud

295 1683 413 1754 pedibus
439 1685 523 1737 certis
547 1681 725 1753 prouoluitnr
741 1687 929 1752 peccaturque
951 1684 981 1736 in
1006 1700 1039 1737 eo
1061 1683 1084 1736 si
1101 1683 1185 1752 pedes
1204 1682 1310 1736 dissoni
1327 1685 1392 1737 mis·

296 1761 420 1821 ceantur,
438 1760 515 1810 recte
533 1754 688 1823 appellatus
708 1755 751 1808 est
767 1754 912 1822 rhythmus
932 1755 962 1808 id
981 1757 1024 1808 est
1041 1771 1181 1820 numerus,
1194 1753 1319 1821 sedquia
1332 1755 1393 1823 ipsa

295 1826 455 1896 prouolutio
474 1843 531 1879 non
551 1825 636 1880 habet
654 1825 776 1890 modum,
796 1843 848 1880 nec
866 1829 1002 1884 statutum
1025 1829 1069 1879 est
1086 1824 1116 1878 in
1135 1829 1220 1894 quoto
1238 1825 1310 1894 pede
1328 1824 1391 1879 finis

195 1915 201 1932 =
296 1897 395 1966 aliquis
415 1897 542 1965 emineat,
562 1900 679 1966 propter
696 1896 801 1950 nullam
819 1913 976 1958 mensnram
995 1896 1210 1950 continuationis
1227 1913 1284 1950 non
1295 1895 1393 1950 debuit

297 1975 418 2023 metrum
436 1968 541 2023 uocari.
577 1967 630 2022 hoc
648 1971 738 2022 autem
757 1973 906 2036 utrumque
924 1968 1017 2035 habet,
1042 1985 1107 2021 nam
1125 1972 1153 2023 et
1171 1967 1254 2020 certis
1273 1967 1392 2036 pedibus

297 2042 386 2095 currit
404 2044 433 2094 et
452 2043 530 2092 certo
547 2039 713 2092 terminatur
731 2039 822 2094 modo.
841 2039 935 2108 itaque
953 2056 1010 2093 non
1029 2039 1117 2092 solum
1136 2042 1255 2092 metrum
1275 2044 1393 2108 propter

298 2111 436 2180 insignem
454 2109 544 2179 finem,
566 2109 615 2163 sed
633 2111 718 2163 etiam
733 2110 878 2178 rhythmus
896 2114 939 2164 est
953 2116 1070 2179 propter
1083 2109 1187 2179 pedum
1197 2109 1393 2163 rationabilem

299 2183 507 2236 connexionem.
546 2179 677 2249 quocirca
700 2199 781 2235 omne
799 2186 921 2234 metrum
940 2181 1092 2248 rhythmus,
1116 2198 1174 2234 non
1192 2180 1280 2234 omnis
1296 2180 1392 2251 rhyth-

298 2270 359 2306 mus
378 2253 463 2306 etiam
480 2255 600 2306 metrum
619 2255 670 2304 est.
706 2251 741 2324 de
759 2253 818 2306 ord.
840 2251 972 2319 1114,40.
992 2253 1041 2320 lp.
1051 2251 1117 2305 417:
1132 2250 1206 2320 quod
1225 2255 1317 2305 autem
1333 2269 1392 2306 non

300 2321 376 2378 esset
390 2326 466 2376 certo
484 2321 540 2376 fine
560 2322 743 2390 moderat-um,
762 2324 812 2378 sed
831 2325 924 2376 tamen
946 2323 1150 2376 rationabiliter
1163 2321 1297 2376 ordinatis
1315 2322 1393 2394 pedi·
1455 2327 1456 2332 ’

297 2393 350 2450 bus
370 2398 504 2460 curreret,
522 2393 645 2461 rhythmi
661 2394 771 2448 nomine
790 2394 900 2448 notauit
920 2393 1020 2462 (ratio),
1042 2394 1090 2462 qui
1113 2393 1199 2446 latine
1223 2393 1294 2447 nihil
1317 2393 1393 2448 aliud

299 2483 383 2534 quam
407 2482 536 2519 numerus
563 2464 620 2520 dici
644 2465 746 2534 potuit.
783 2471 817 2534 cf.
836 2465 903 2520 Atil.
914 2464 1030 2518 Fortun.
1049 2483 1076 2533 p.
1086 2462 1196 2518 2689P.
1214 2463 1267 2518 337
1277 2465 1309 2518 G.
1344 2465 1393 2518 Isi·

299 2535 359 2610 dor.
379 2536 447 2606 orig.
467 2535 541 2602 138,
561 2534 591 2592 3:
610 2537 704 2590 uersui
720 2535 853 2591 adhaeret
870 2537 1023 2605 rhythmus,
1045 2534 1091 2604 qui
1110 2553 1167 2590 non
1186 2539 1230 2589 est
1246 2539 1322 2590 certo
1337 2534 1393 2588 fine

300 2608 469 2675 moderatus,
490 2607 539 2661 sed
558 2612 653 2661 tamen
672 2608 847 2662 rationaliter
869 2609 1004 2662 ordinatis
1023 2607 1140 2676 pedibus
1165 2606 1261 2674 currit,
1288 2606 1336 2674 qui
1352 2606 1393 2660 la·

298 2680 356 2733 tine
375 2678 445 2732 nihil
468 2677 544 2732 aliud
567 2696 649 2747 quam
666 2696 796 2734 numerus
815 2678 926 2734 dicitur.
962 2677 1054 2746 Quint.
1062 2676 1140 2732 v1111
1157 2678 1182 2745 4,
1200 2677 1249 2732 55:
1269 2675 1393 2745 rhythmi

298 2767 388 2819 neque
406 2749 490 2804 finem
509 2749 613 2802 habent
632 2755 741 2804 certum
759 2767 811 2804 nco
833 2750 917 2804 ullam
940 2749 970 2804 in
993 2753 1127 2804 contextu
1145 2749 1319 2816 uarietatem,
1344 2746 1394 2804 sed

298 2839 352 2892 qua
369 2823 522 2890 coeperunt
542 2820 698 2874 sublatione
717 2838 749 2876 ac
767 2821 908 2891 positione
929 2821 965 2875 ad
981 2819 1065 2875 finem
1080 2837 1169 2889 usque
1190 2819 1349 2874 decurrunt.

397 2916 455 2970 65²⁸.
490 2915 776 2984 Mar.·vict.112‚1
801 2916 909 2986 passe
924 2916 968 2970 P.:
992 2917 1139 2970 Mettum
1160 2958 1165 2970 .
1187 2958 1192 2970 .
1212 2957 1218 2969 .
1239 2915 1394 2972 deducta

298 3006 347 3044 seu
365 2987 519 3043 dictionum
536 2988 676 3056 quantitas
702 2991 730 3041 et
749 2989 866 3056 qualitas
888 2989 1007 3057 pedibus
1026 2988 1183 3055 terminata,
1209 2988 1267 3041 uel
1285 3028 1292 3040 .
1311 3026 1317 3039 .
1334 3030 1339 3041 .
1356 2988 1393 3041 si·

297 3060 402 3114 nitus.
438 3060 528 3112 Diom.
548 3058 690 3128 p.474‚2·:
714 3064 835 3113 metrum
856 3065 899 3113 est
923 3059 1078 3128 conpositio
1103 3059 1205 3128 pedum
1224 3059 1321 3112 ordine
1338 3064 1394 3112 sta·

298 3135 360 3184 tuto
376 3130 526 3185 decurrens
544 3129 656 3184 modum
674 3129 821 3198 positionis
838 3130 1056 3199 sublationisque
1074 3147 1250 3184 conseruans.
1276 3135 1311 3198 cs.
1330 3134 1393 3184 Aa·

296 3206 500 3272 qucrimonia
519 3204 554 3254 ad
571 3203 678 3269 [r.64⁸*.
713 3200 810 3254 Isidor.
834 3201 904 3270 orig.
922 3201 936 3254 I
954 3202 997 3268 38,
1018 3201 1047 3254 1:
1074 3206 1163 3255 metra
1186 3205 1300 3263 uocata,
1329 3201 1395 3269 quia

297 3272 381 3326 certis
398 3272 501 3341 pedum
517 3272 656 3324 mensuris
675 3274 758 3340 atque
777 3272 874 3340 spatiis
892 3273 1086 3338 terminantur,
1098 3273 1272 3342 nequcultra
1288 3272 1393 3326 dimen-

298 3344 403 3396 sionem
429 3346 587 3412 temporum
615 3342 800 3396 constitutam
826 3342 990 3412 procedunt.
1035 3361 1164 3398 mensura
1192 3343 1267 3397 enim
1293 3359 1394 3412 graece

282 3419 399 3486 ,μέτρον
417 3414 529 3468 dicitur·
558 3419 591 3482 cs.
611 3417 676 3468 Atii.
697 3418 806 3468 Fortun.
826 3419 843 3467 l.
865 3435 885 3468 s.
906 3435 928 3468 s.

397 3509 439 3564 66.
476 3509 567 3564 Diom.
585 3527 612 3580 p.
623 3510 685 3576 512,
704 3509 753 3568 37:
777 3511 931 3564 alienum
949 3514 1043 3564 autem
1061 3509 1184 3578 pedem
1204 3550 1210 3562 .
1230 3551 1236 3564 .
1259 3549 1265 3563 .
1285 3513 1321 3564 et
1339 3527 1393 3564 re·

297 3581 420 3654 gulam.
459 3579 752 3650 Mar.vi0t.110,3
773 3599 801 3650 p.
812 3582 883 3636 2484
892 3580 937 3635 P.:
963 3580 1056 3634 differt
1079 3580 1222 3650 rhythmus
1249 3599 1266 3635 a
1293 3586 1392 3648 metro,

297 3652 372 3720 quod
389 3656 509 3706 metrum
527 3653 556 3707 in
574 3653 678 3721 uerbis,
701 3653 845 3721 rhythmus
863 3653 892 3706 in
910 3652 1101 3706 modulatione
1120 3669 1152 3706 ac
1168 3658 1247 3706 motu
1266 3653 1393 3722 corporis

297 3725 342 3790 sit,
361 3728 389 3777 et
407 3723 481 3793 quod
498 3729 618 3779 matrum
638 3723 741 3794 pedum
760 3725 796 3778 sit
807 3723 941 3792 quaedam
953 3722 1125 3794 compositio,
1136 3724 1281 3792 rhythmus
1298 3728 1394 3778 autem

297 3796 455 3863 temporum
474 3795 548 3849 inter
569 3813 598 3848 se
617 3795 686 3848 ordo
699 3796 819 3865 quidam,
831 3799 859 3848 et
878 3795 953 3863 qnod
970 3801 1090 3848 metrum
1109 3800 1186 3848 certo
1204 3812 1319 3848 numero
1340 3794 1395 3862 syl·

297 3865 423 3920 labarum
441 3867 487 3920 uel
503 3865 606 3937 pedum
623 3865 733 3920 finitum
752 3867 797 3932 sit,
823 3865 966 3934 rhythmus
993 3869 1087 3920 autem
1109 3883 1258 3934 numquam
1277 3883 1394 3920 numero

294 3937 547 3991 circumscribatur.
567 3938 656 3990 Diom.
666 3955 693 4007 p.
703 3937 803 4006 474,5:
823 3937 910 3990 distat
926 3940 1046 3989 metrum
1065 3936 1235 4004 arhythmo,
1251 3937 1327 4006 quod
1336 3953 1393 3989 me-

296 4013 372 4061 trum
391 4021 467 4062 certa
485 4009 620 4078 qualitate
630 4026 661 4062 ac
672 4026 786 4062 numero
799 4009 964 4076 syllabarum
972 4015 1183 4077 temporumque
1194 4006 1298 4075 finitur,
1309 4008 1395 4062 certis

297 4096 349 4146 que
360 4080 478 4148 pedibus
491 4085 600 4134 constat
611 4097 644 4135 ac
656 4079 803 4144 clauditur,
811 4080 955 4147 rhythmus
965 4085 1058 4132 eutem
1068 4082 1223 4147 temporum
1234 4096 1266 4132 ac
1276 4079 1395 4148 syllaba-

295 4167 357 4204 rum
369 4151 524 4220 pedumque
534 4151 756 4221 congruentiam
767 4153 817 4220 (sic
825 4154 857 4220 Β)
865 4149 1003 4204 infinitum
1012 4150 1215 4220 multiplicatur
1225 4167 1259 4206 ac
1268 4150 1392 4220 profluit.

398 4331 411 4386 1
437 4329 496 4386 arsi
518 4332 548 4387 et
562 4308 647 4387 'thesi
670 4321 756 4410 Pssd
780 4329 961 4406 recipiantur
982 4327 1022 4388 M
1033 4327 1048 4399 ΙΙ
1061 4326 1164 4387 modos
1184 4326 1215 4388 B
1228 4326 1243 4398 ΙΙ
