<?xml version="1.0" encoding="UTF-8"?>
<!DOCTYPE html PUBLIC "-//W3C//DTD XHTML 1.0 Transitional//EN"
    "http://www.w3.org/TR/xhtml1/DTD/xhtml1-transitional.dtd">
<html xmlns="http://www.w3.org/1999/xhtml" xml:lang="en" lang="en">
 <head>
  <title>
</title>
<meta http-equiv="Content-Type" content="text/html;charset=utf-8" />
  <meta name='ocr-system' content='tesseract 3.04.00' />
  <meta name='ocr-capabilities' content='ocr_page ocr_carea ocr_par ocr_line ocrx_word'/>
</head>
<body>
  <div class='ocr_page' id='page_1' title='image "./demterentivarro00wilmgoog_0015.png"; bbox 0 0 3152 5142; ppageno 0'>
   <div class='ocr_carea' id='block_1_1' title="bbox 294 670 1392 981">
    <p class='ocr_par' dir='ltr' id='par_1_1' title="bbox 294 670 1392 981">
     <span class='ocr_line' id='line_1_1' title="bbox 296 670 1391 761; baseline 0 -23"><span class='ocrx_word' id='word_1_1' title='bbox 296 674 315 738; x_wconf 96' lang='lat' dir='ltr'>I</span> <span class='ocrx_word' id='word_1_2' title='bbox 328 674 357 758; x_wconf 87' lang='lat'>1,</span> <span class='ocrx_word' id='word_1_3' title='bbox 369 672 399 758; x_wconf 77' lang='lat'>2,</span> <span class='ocrx_word' id='word_1_4' title='bbox 423 694 474 761; x_wconf 90' lang='lat' dir='ltr'>ep.</span> <span class='ocrx_word' id='word_1_5' title='bbox 497 673 538 737; x_wconf 91' lang='lat' dir='ltr'>ad</span> <span class='ocrx_word' id='word_1_6' title='bbox 559 672 661 738; x_wconf 79' lang='lat' dir='ltr'>Attis.</span> <span class='ocrx_word' id='word_1_7' title='bbox 673 670 759 737; x_wconf 88' lang='lat' dir='ltr'>XIII</span> <span class='ocrx_word' id='word_1_8' title='bbox 772 671 822 754; x_wconf 77' lang='lat'>12,</span> <span class='ocrx_word' id='word_1_9' title='bbox 836 672 865 755; x_wconf 34' lang='lat'>3,</span> <span class='ocrx_word' id='word_1_10' title='bbox 885 671 940 754; x_wconf 86' lang='lat' dir='ltr'>(cf.</span> <span class='ocrx_word' id='word_1_11' title='bbox 958 671 998 739; x_wconf 94' lang='lat' dir='ltr'>O.</span> <span class='ocrx_word' id='word_1_12' title='bbox 1011 672 1163 738; x_wconf 84' lang='lat' dir='ltr'>llluelleri</span> <span class='ocrx_word' id='word_1_13' title='bbox 1181 673 1284 760; x_wconf 86' lang='lat' dir='ltr'>praef.</span> <span class='ocrx_word' id='word_1_14' title='bbox 1295 673 1391 738; x_wconf 88' lang='lat' dir='ltr'>Varr.</span> 
     </span>
     <span class='ocr_line' id='line_1_2' title="bbox 296 780 1392 869; baseline 0.002 -23"><span class='ocrx_word' id='word_1_15' title='bbox 296 806 327 869; x_wconf 86' lang='lat' dir='ltr'>p.</span> <span class='ocrx_word' id='word_1_16' title='bbox 339 781 414 867; x_wconf 88' lang='lat' dir='ltr'>III),</span> <span class='ocrx_word' id='word_1_17' title='bbox 436 803 454 846; x_wconf 88' lang='lat' dir='ltr'>c</span> <span class='ocrx_word' id='word_1_18' title='bbox 475 781 631 846; x_wconf 88' lang='lat' dir='ltr'>librorum</span> <span class='ocrx_word' id='word_1_19' title='bbox 649 781 690 846; x_wconf 91' lang='lat' dir='ltr'>de</span> <span class='ocrx_word' id='word_1_20' title='bbox 709 781 822 866; x_wconf 88' lang='lat' dir='ltr'>lingua</span> <span class='ocrx_word' id='word_1_21' title='bbox 839 780 938 846; x_wconf 88' lang='lat' dir='ltr'>latina</span> <span class='ocrx_word' id='word_1_22' title='bbox 950 781 1059 850; x_wconf 86' lang='lat' dir='ltr'>V—X</span> <span class='ocrx_word' id='word_1_23' title='bbox 1077 782 1392 868; x_wconf 87' lang='lat' dir='ltr'>codiceFlorentino</span> 
     </span>
     <span class='ocr_line' id='line_1_3' title="bbox 294 891 1392 981; baseline 0.001 -26"><span class='ocrx_word' id='word_1_24' title='bbox 294 891 387 981; x_wconf 91' lang='lat' dir='ltr'>initio</span> <span class='ocrx_word' id='word_1_25' title='bbox 407 891 482 956; x_wconf 87' lang='lat' dir='ltr'>libri</span> <span class='ocrx_word' id='word_1_26' title='bbox 501 892 553 956; x_wconf 90' lang='lat' dir='ltr'>III</span> <span class='ocrx_word' id='word_1_27' title='bbox 574 902 605 957; x_wconf 89' lang='lat' dir='ltr'>et</span> <span class='ocrx_word' id='word_1_28' title='bbox 626 891 660 956; x_wconf 91' lang='lat' dir='ltr'>in</span> <span class='ocrx_word' id='word_1_29' title='bbox 680 893 745 957; x_wconf 87' lang='lat' dir='ltr'>fine</span> <span class='ocrx_word' id='word_1_30' title='bbox 766 891 842 963; x_wconf 87' lang='lat' dir='ltr'>libri</span> <span class='ocrx_word' id='word_1_31' title='bbox 863 891 965 956; x_wconf 86' lang='lat' dir='ltr'>VIIII</span> <span class='ocrx_word' id='word_1_32' title='bbox 986 892 1031 978; x_wconf 80' lang='lat' dir='ltr'>(p.</span> <span class='ocrx_word' id='word_1_33' title='bbox 1044 892 1074 956; x_wconf 86' lang='lat'>3.</span> <span class='ocrx_word' id='word_1_34' title='bbox 1086 891 1148 956; x_wconf 80' lang='lat'>542</span> <span class='ocrx_word' id='word_1_35' title='bbox 1162 891 1248 979; x_wconf 82' lang='lat' dir='ltr'>Sp),</span> <span class='ocrx_word' id='word_1_36' title='bbox 1270 913 1289 956; x_wconf 93' lang='lat' dir='ltr'>e</span> <span class='ocrx_word' id='word_1_37' title='bbox 1312 892 1392 957; x_wconf 92' lang='lat' dir='ltr'>mul·</span> 
     </span>
    </p>
   </div>
   <div class='ocr_carea' id='block_1_2' title="bbox 282 1000 1397 4369">
    <p class='ocr_par' dir='ltr' id='par_1_2' title="bbox 282 1000 1397 4369">
     <span class='ocr_line' id='line_1_4' title="bbox 294 1000 1393 1088; baseline 0.001 -23"><span class='ocrx_word' id='word_1_38' title='bbox 294 1001 336 1066; x_wconf 90' lang='lat' dir='ltr'>tis</span> <span class='ocrx_word' id='word_1_39' title='bbox 351 1002 637 1088; x_wconf 88' lang='lat' dir='ltr'>grammaticorum</span> <span class='ocrx_word' id='word_1_40' title='bbox 651 1011 799 1067; x_wconf 89' lang='lat' dir='ltr'>ueterum</span> <span class='ocrx_word' id='word_1_41' title='bbox 815 1000 1015 1066; x_wconf 77' lang='lat' dir='ltr'>testimoniis.</span> <span class='ocrx_word' id='word_1_42' title='bbox 1039 1001 1140 1066; x_wconf 89' lang='lat' dir='ltr'>Libro</span> <span class='ocrx_word' id='word_1_43' title='bbox 1156 1002 1272 1088; x_wconf 90' lang='lat' dir='ltr'>primo,</span> <span class='ocrx_word' id='word_1_44' title='bbox 1295 1023 1393 1088; x_wconf 86' lang='lat' dir='ltr'>quem</span> 
     </span>
     <span class='ocr_line' id='line_1_5' title="bbox 294 1109 1391 1197; baseline 0 -21"><span class='ocrx_word' id='word_1_45' title='bbox 294 1133 371 1176; x_wconf 91' lang='lat' dir='ltr'>num</span> <span class='ocrx_word' id='word_1_46' title='bbox 394 1109 553 1197; x_wconf 84' lang='lat' dir='ltr'>Septimio</span> <span class='ocrx_word' id='word_1_47' title='bbox 582 1111 706 1175; x_wconf 84' lang='lat' dir='ltr'>miserit</span> <span class='ocrx_word' id='word_1_48' title='bbox 737 1111 875 1197; x_wconf 85' lang='lat' dir='ltr'>scriptor</span> <span class='ocrx_word' id='word_1_49' title='bbox 899 1133 973 1175; x_wconf 93' lang='lat' dir='ltr'>cum</span> <span class='ocrx_word' id='word_1_50' title='bbox 995 1111 1086 1175; x_wconf 88' lang='lat' dir='ltr'>libris</span> <span class='ocrx_word' id='word_1_51' title='bbox 1110 1112 1147 1178; x_wconf 94' lang='lat' dir='ltr'>II</span> <span class='ocrx_word' id='word_1_52' title='bbox 1171 1111 1222 1175; x_wconf 92' lang='lat' dir='ltr'>III</span> <span class='ocrx_word' id='word_1_53' title='bbox 1244 1112 1321 1178; x_wconf 92' lang='lat' dir='ltr'>IIII</span> <span class='ocrx_word' id='word_1_54' title='bbox 1344 1111 1391 1176; x_wconf 92' lang='lat' dir='ltr'>in·</span> 
     </span>
     <span class='ocr_line' id='line_1_6' title="bbox 296 1215 1390 1309; baseline 0.002 -27"><span class='ocrx_word' id='word_1_55' title='bbox 296 1215 418 1284; x_wconf 85' lang='lat' dir='ltr'>certum</span> <span class='ocrx_word' id='word_1_56' title='bbox 442 1230 500 1304; x_wconf 90' lang='lat' dir='ltr'>est,</span> <span class='ocrx_word' id='word_1_57' title='bbox 525 1221 616 1304; x_wconf 88' lang='lat' dir='ltr'>quasi</span> <span class='ocrx_word' id='word_1_58' title='bbox 631 1221 799 1309; x_wconf 92' lang='lat' dir='ltr'>prooemio</span> <span class='ocrx_word' id='word_1_59' title='bbox 816 1220 1003 1308; x_wconf 85' lang='lat' dir='ltr'>praemisse,</span> <span class='ocrx_word' id='word_1_60' title='bbox 1025 1220 1142 1307; x_wconf 88' lang='lat' dir='ltr'>reliqui</span> <span class='ocrx_word' id='word_1_61' title='bbox 1156 1220 1296 1287; x_wconf 90' lang='lat' dir='ltr'>XXIIII</span> <span class='ocrx_word' id='word_1_62' title='bbox 1315 1220 1390 1284; x_wconf 91' lang='lat' dir='ltr'>libri</span> 
     </span>
     <span class='ocr_line' id='line_1_7' title="bbox 295 1328 1390 1417; baseline -0.001 -24"><span class='ocrx_word' id='word_1_63' title='bbox 295 1337 446 1412; x_wconf 88' lang='lat' dir='ltr'>quattuor</span> <span class='ocrx_word' id='word_1_64' title='bbox 469 1329 649 1396; x_wconf 87' lang='lat' dir='ltr'>effecerunt</span> <span class='ocrx_word' id='word_1_65' title='bbox 669 1330 823 1414; x_wconf 77' lang='lat' dir='ltr'>hexadeS,</span> <span class='ocrx_word' id='word_1_66' title='bbox 855 1352 990 1417; x_wconf 91' lang='lat' dir='ltr'>quarum</span> <span class='ocrx_word' id='word_1_67' title='bbox 1011 1329 1117 1416; x_wconf 88' lang='lat' dir='ltr'>prima</span> <span class='ocrx_word' id='word_1_68' title='bbox 1147 1328 1390 1415; x_wconf 83' lang='lat' dir='ltr'>etymologiam,</span> 
     </span>
     <span class='ocr_line' id='line_1_8' title="bbox 294 1437 1390 1523; baseline 0 -23"><span class='ocrx_word' id='word_1_69' title='bbox 294 1439 396 1501; x_wconf 90' lang='lat' dir='ltr'>altera</span> <span class='ocrx_word' id='word_1_70' title='bbox 429 1437 674 1522; x_wconf 81' lang='lat' dir='ltr'>declinationes,</span> <span class='ocrx_word' id='word_1_71' title='bbox 702 1439 800 1504; x_wconf 88' lang='lat' dir='ltr'>tertia</span> <span class='ocrx_word' id='word_1_72' title='bbox 832 1448 866 1502; x_wconf 89' lang='lat' dir='ltr'>et</span> <span class='ocrx_word' id='word_1_73' title='bbox 896 1446 1009 1522; x_wconf 84' lang='lat' dir='ltr'>quarta</span> <span class='ocrx_word' id='word_1_74' title='bbox 1031 1437 1185 1523; x_wconf 83' lang='lat' dir='ltr'>syntaxin</span> <span class='ocrx_word' id='word_1_75' title='bbox 1209 1439 1390 1502; x_wconf 79' lang='lat' dir='ltr'>tractabant</span> 
     </span>
     <span class='ocr_line' id='line_1_9' title="bbox 294 1544 1390 1633; baseline 0 -24"><span class='ocrx_word' id='word_1_76' title='bbox 294 1545 330 1630; x_wconf 81' lang='lat' dir='ltr'>(l.</span> <span class='ocrx_word' id='word_1_77' title='bbox 354 1547 376 1610; x_wconf 91' lang='lat' dir='ltr'>l.</span> <span class='ocrx_word' id='word_1_78' title='bbox 398 1546 469 1613; x_wconf 88' lang='lat' dir='ltr'>VII</span> <span class='ocrx_word' id='word_1_79' title='bbox 485 1547 546 1610; x_wconf 87' lang='grc'>110</span> <span class='ocrx_word' id='word_1_80' title='bbox 567 1545 803 1633; x_wconf 78' lang='lat' dir='ltr'>p.390,V111</span> <span class='ocrx_word' id='word_1_81' title='bbox 828 1545 961 1633; x_wconf 25' lang='lat' dir='ltr'>p.s391,).</span> <span class='ocrx_word' id='word_1_82' title='bbox 984 1545 1068 1610; x_wconf 85' lang='lat' dir='ltr'>infra</span> <span class='ocrx_word' id='word_1_83' title='bbox 1090 1544 1220 1612; x_wconf 88' lang='lat' dir='ltr'>reiectis</span> <span class='ocrx_word' id='word_1_84' title='bbox 1244 1565 1327 1629; x_wconf 89' lang='lat' dir='ltr'>quae</span> <span class='ocrx_word' id='word_1_85' title='bbox 1350 1546 1390 1611; x_wconf 91' lang='lat' dir='ltr'>de</span> 
     </span>
     <span class='ocr_line' id='line_1_10' title="bbox 294 1655 1391 1744; baseline 0.002 -26"><span class='ocrx_word' id='word_1_86' title='bbox 294 1655 431 1742; x_wconf 85' lang='lat' dir='ltr'>singulis</span> <span class='ocrx_word' id='word_1_87' title='bbox 453 1655 546 1719; x_wconf 92' lang='lat' dir='ltr'>libris</span> <span class='ocrx_word' id='word_1_88' title='bbox 567 1657 712 1744; x_wconf 88' lang='lat' dir='ltr'>priorum</span> <span class='ocrx_word' id='word_1_89' title='bbox 733 1655 899 1721; x_wconf 83' lang='lat' dir='ltr'>hexadum</span> <span class='ocrx_word' id='word_1_90' title='bbox 921 1655 1059 1721; x_wconf 88' lang='lat' dir='ltr'>dicenda</span> <span class='ocrx_word' id='word_1_91' title='bbox 1080 1663 1164 1737; x_wconf 91' lang='lat' dir='ltr'>sunt,</span> <span class='ocrx_word' id='word_1_92' title='bbox 1187 1655 1329 1741; x_wconf 90' lang='lat' dir='ltr'>primum</span> <span class='ocrx_word' id='word_1_93' title='bbox 1350 1657 1391 1722; x_wconf 89' lang='lat' dir='ltr'>de</span> 
     </span>
     <span class='ocr_line' id='line_1_11' title="bbox 293 1764 1390 1853; baseline 0.001 -25"><span class='ocrx_word' id='word_1_94' title='bbox 293 1764 528 1851; x_wconf 86' lang='lat' dir='ltr'>posterioribus</span> <span class='ocrx_word' id='word_1_95' title='bbox 549 1765 732 1832; x_wconf 84' lang='lat' dir='ltr'>hoxadibus</span> <span class='ocrx_word' id='word_1_96' title='bbox 755 1788 861 1850; x_wconf 85' lang='lat' dir='ltr'>agam.</span> <span class='ocrx_word' id='word_1_97' title='bbox 884 1765 1012 1830; x_wconf 90' lang='lat' dir='ltr'>duobus</span> <span class='ocrx_word' id='word_1_98' title='bbox 1030 1765 1116 1829; x_wconf 91' lang='lat' dir='ltr'>enim</span> <span class='ocrx_word' id='word_1_99' title='bbox 1128 1765 1209 1830; x_wconf 89' lang='lat' dir='ltr'>locis</span> <span class='ocrx_word' id='word_1_100' title='bbox 1224 1789 1250 1832; x_wconf 87' lang='lat' dir='ltr'>s.</span> <span class='ocrx_word' id='word_1_101' title='bbox 1263 1789 1299 1848; x_wconf 82' lang='lat' dir='ltr'>s,</span> <span class='ocrx_word' id='word_1_102' title='bbox 1322 1765 1390 1853; x_wconf 91' lang='lat' dir='ltr'>qui-</span> 
     </span>
     <span class='ocr_line' id='line_1_12' title="bbox 292 1873 1391 1963; baseline 0.002 -27"><span class='ocrx_word' id='word_1_103' title='bbox 292 1873 353 1937; x_wconf 88' lang='lat' dir='ltr'>bus</span> <span class='ocrx_word' id='word_1_104' title='bbox 375 1874 471 1951; x_wconf 82' lang='lat' dir='ltr'>totius</span> <span class='ocrx_word' id='word_1_105' title='bbox 496 1875 604 1962; x_wconf 88' lang='lat' dir='ltr'>operis</span> <span class='ocrx_word' id='word_1_106' title='bbox 626 1875 873 1963; x_wconf 85' lang='lat' dir='ltr'>dispositionem</span> <span class='ocrx_word' id='word_1_107' title='bbox 896 1874 1059 1962; x_wconf 87' lang='lat' dir='ltr'>proponit,</span> <span class='ocrx_word' id='word_1_108' title='bbox 1082 1874 1188 1942; x_wconf 85' lang='lat' dir='ltr'>Varro</span> <span class='ocrx_word' id='word_1_109' title='bbox 1218 1875 1391 1960; x_wconf 87' lang='lat' dir='ltr'>profitetur</span> 
     </span>
     <span class='ocr_line' id='line_1_13' title="bbox 291 1981 1397 2073; baseline 0.001 -28"><span class='ocrx_word' id='word_1_110' title='bbox 291 1983 388 2046; x_wconf 88' lang='lat' dir='ltr'>tertia</span> <span class='ocrx_word' id='word_1_111' title='bbox 408 1992 501 2069; x_wconf 90' lang='lat' dir='ltr'>parte</span> <span class='ocrx_word' id='word_1_112' title='bbox 525 2005 560 2048; x_wconf 89' lang='lat' dir='ltr'>sc</span> <span class='ocrx_word' id='word_1_113' title='bbox 583 1983 823 2073; x_wconf 73' lang='lat' dir='ltr'>disputaturum</span> <span class='ocrx_word' id='word_1_114' title='bbox 844 1993 915 2048; x_wconf 84' lang='lat' dir='ltr'>esse</span> <span class='ocrx_word' id='word_1_115' title='bbox 938 1981 1094 2064; x_wconf 82' lang='lat' dir='ltr'>(VIIIIO</span> <span class='ocrx_word' id='word_1_116' title='bbox 1106 2007 1137 2071; x_wconf 93' lang='lat' dir='ltr'>p.</span> <span class='ocrx_word' id='word_1_117' title='bbox 1150 1983 1226 2068; x_wconf 75' lang='lat'>390)</span> <span class='ocrx_word' id='word_1_118' title='bbox 1253 1991 1397 2064; x_wconf 71' lang='lat' dir='ltr'>quemad.</span> 
     </span>
     <span class='ocr_line' id='line_1_14' title="bbox 290 2091 1390 2178; baseline 0 -20"><span class='ocrx_word' id='word_1_119' title='bbox 290 2099 405 2158; x_wconf 81' lang='lat' dir='ltr'>modum</span> <span class='ocrx_word' id='word_1_120' title='bbox 424 2101 567 2160; x_wconf 79' lang='lat' dir='ltr'>cocubalo</span> <span class='ocrx_word' id='word_1_121' title='bbox 589 2103 814 2176; x_wconf 68' lang='lat' dir='ltr'>contorquetur,</span> <span class='ocrx_word' id='word_1_122' title='bbox 843 2101 875 2157; x_wconf 91' lang='lat' dir='ltr'>et</span> <span class='ocrx_word' id='word_1_123' title='bbox 896 2091 1026 2176; x_wconf 83' lang='lat' dir='ltr'>(VIIII</span> <span class='ocrx_word' id='word_1_124' title='bbox 1050 2115 1081 2178; x_wconf 94' lang='lat' dir='ltr'>p.</span> <span class='ocrx_word' id='word_1_125' title='bbox 1094 2091 1170 2176; x_wconf 85' lang='lat'>391)</span> <span class='ocrx_word' id='word_1_126' title='bbox 1194 2104 1227 2158; x_wconf 83' lang='lat' dir='ltr'>ct</span> <span class='ocrx_word' id='word_1_127' title='bbox 1246 2100 1390 2161; x_wconf 79' lang='lat' dir='ltr'>uocabulo</span> 
     </span>
     <span class='ocr_line' id='line_1_15' title="bbox 290 2210 1387 2289; baseline -0.001 -22"><span class='ocrx_word' id='word_1_128' title='bbox 290 2211 368 2268; x_wconf 79' lang='lat' dir='ltr'>tuter</span> <span class='ocrx_word' id='word_1_129' title='bbox 384 2225 415 2268; x_wconf 85' lang='lat' dir='ltr'>se</span> <span class='ocrx_word' id='word_1_130' title='bbox 435 2213 549 2270; x_wconf 76' lang='lat' dir='ltr'>ratione</span> <span class='ocrx_word' id='word_1_131' title='bbox 570 2213 724 2270; x_wconf 79' lang='lat' dir='ltr'>coniuncta</span> <span class='ocrx_word' id='word_1_132' title='bbox 740 2212 911 2270; x_wconf 78' lang='lat' dir='ltr'>sententiam</span> <span class='ocrx_word' id='word_1_133' title='bbox 934 2210 1067 2285; x_wconf 79' lang='lat' dir='ltr'>efferant,</span> <span class='ocrx_word' id='word_1_134' title='bbox 1087 2223 1169 2289; x_wconf 80' lang='lat' dir='ltr'>quac</span> <span class='ocrx_word' id='word_1_135' title='bbox 1193 2223 1387 2289; x_wconf 88' lang='lat' dir='ltr'>quamquam</span> 
     </span>
     <span class='ocr_line' id='line_1_16' title="bbox 291 2311 1389 2402; baseline 0 -26"><span class='ocrx_word' id='word_1_136' title='bbox 291 2311 508 2378; x_wconf 87' lang='lat' dir='ltr'>certissimum</span> <span class='ocrx_word' id='word_1_137' title='bbox 530 2314 632 2402; x_wconf 88' lang='lat' dir='ltr'>ipsius</span> <span class='ocrx_word' id='word_1_138' title='bbox 655 2313 824 2399; x_wconf 89' lang='lat' dir='ltr'>scriptoris</span> <span class='ocrx_word' id='word_1_139' title='bbox 853 2313 894 2378; x_wconf 90' lang='lat' dir='ltr'>de</span> <span class='ocrx_word' id='word_1_140' title='bbox 926 2311 1066 2378; x_wconf 69' lang='lat' dir='ltr'>consilio*</span> <span class='ocrx_word' id='word_1_141' title='bbox 1086 2335 1144 2379; x_wconf 88' lang='lat' dir='ltr'>suo</span> <span class='ocrx_word' id='word_1_142' title='bbox 1167 2312 1389 2378; x_wconf 89' lang='lat' dir='ltr'>testimonium</span> 
     </span>
     <span class='ocr_line' id='line_1_17' title="bbox 291 2420 1389 2509; baseline 0.002 -25"><span class='ocrx_word' id='word_1_143' title='bbox 291 2422 469 2505; x_wconf 89' lang='lat' dir='ltr'>continent,</span> <span class='ocrx_word' id='word_1_144' title='bbox 490 2431 599 2489; x_wconf 88' lang='lat' dir='ltr'>tamen</span> <span class='ocrx_word' id='word_1_145' title='bbox 621 2424 663 2488; x_wconf 91' lang='lat' dir='ltr'>de</span> <span class='ocrx_word' id='word_1_146' title='bbox 685 2423 840 2488; x_wconf 82' lang='lat' dir='ltr'>omnibus·</span> <span class='ocrx_word' id='word_1_147' title='bbox 857 2421 1031 2486; x_wconf 82' lang='lat' dir='ltr'>duodecim</span> <span class='ocrx_word' id='word_1_148' title='bbox 1053 2420 1316 2509; x_wconf 81' lang='lat' dir='ltr'>librisaccipere</span> <span class='ocrx_word' id='word_1_149' title='bbox 1332 2420 1389 2488; x_wconf 91' lang='lat' dir='ltr'>du-</span> 
     </span>
     <span class='ocr_line' id='line_1_18' title="bbox 290 2529 1389 2611; baseline 0.004 -17"><span class='ocrx_word' id='word_1_150' title='bbox 290 2529 438 2595; x_wconf 88' lang='lat' dir='ltr'>bitabant</span> <span class='ocrx_word' id='word_1_151' title='bbox 461 2531 522 2595; x_wconf 88' lang='lat' dir='ltr'>uiri</span> <span class='ocrx_word' id='word_1_152' title='bbox 546 2529 641 2598; x_wconf 89' lang='lat' dir='ltr'>docti.</span> <span class='ocrx_word' id='word_1_153' title='bbox 663 2531 856 2597; x_wconf 86' lang='lat' dir='ltr'>incredibile</span> <span class='ocrx_word' id='word_1_154' title='bbox 880 2531 966 2596; x_wconf 87' lang='lat' dir='ltr'>enim</span> <span class='ocrx_word' id='word_1_155' title='bbox 981 2531 1166 2611; x_wconf 82' lang='lat' dir='ltr'>uidebatur,</span> <span class='ocrx_word' id='word_1_156' title='bbox 1188 2539 1252 2596; x_wconf 87' lang='lat' dir='ltr'>tam</span> <span class='ocrx_word' id='word_1_157' title='bbox 1269 2533 1389 2599; x_wconf 86' lang='lat' dir='ltr'>multos</span> 
     </span>
     <span class='ocr_line' id='line_1_19' title="bbox 290 2639 1390 2728; baseline 0.004 -26"><span class='ocrx_word' id='word_1_158' title='bbox 290 2639 392 2705; x_wconf 88' lang='lat' dir='ltr'>libros</span> <span class='ocrx_word' id='word_1_159' title='bbox 427 2639 457 2706; x_wconf 88' lang='lat' dir='ltr'>ei</span> <span class='ocrx_word' id='word_1_160' title='bbox 487 2641 653 2705; x_wconf 89' lang='lat' dir='ltr'>doetrinae</span> <span class='ocrx_word' id='word_1_161' title='bbox 687 2641 864 2706; x_wconf 84' lang='lat' dir='ltr'>destinatos</span> <span class='ocrx_word' id='word_1_162' title='bbox 896 2641 1008 2722; x_wconf 83' lang='lat' dir='ltr'>fuisse,</span> <span class='ocrx_word' id='word_1_163' title='bbox 1045 2641 1135 2711; x_wconf 80' lang='lat' dir='ltr'>cuius</span> <span class='ocrx_word' id='word_1_164' title='bbox 1170 2649 1236 2704; x_wconf 81' lang='lat' dir='ltr'>tam</span> <span class='ocrx_word' id='word_1_165' title='bbox 1269 2641 1390 2728; x_wconf 68' lang='lat' dir='ltr'>exigna</span> 
     </span>
     <span class='ocr_line' id='line_1_20' title="bbox 290 2749 1388 2836; baseline 0.003 -24"><span class='ocrx_word' id='word_1_166' title='bbox 290 2749 431 2835; x_wconf 88' lang='lat' dir='ltr'>uestigia</span> <span class='ocrx_word' id='word_1_167' title='bbox 458 2750 493 2813; x_wconf 90' lang='lat' dir='ltr'>in</span> <span class='ocrx_word' id='word_1_168' title='bbox 522 2750 743 2836; x_wconf 85' lang='lat' dir='ltr'>grammaticis</span> <span class='ocrx_word' id='word_1_169' title='bbox 773 2749 881 2814; x_wconf 88' lang='lat' dir='ltr'>latinis</span> <span class='ocrx_word' id='word_1_170' title='bbox 909 2749 1143 2833; x_wconf 88' lang='lat' dir='ltr'>inuenirentur,</span> <span class='ocrx_word' id='word_1_171' title='bbox 1175 2771 1271 2836; x_wconf 80' lang='lat' dir='ltr'>quam</span> <span class='ocrx_word' id='word_1_172' title='bbox 1297 2751 1388 2818; x_wconf 90' lang='lat' dir='ltr'>solus</span> 
     </span>
     <span class='ocr_line' id='line_1_21' title="bbox 288 2856 1387 2947; baseline 0.005 -27"><span class='ocrx_word' id='word_1_173' title='bbox 288 2856 474 2923; x_wconf 86' lang='lat' dir='ltr'>Priscianus</span> <span class='ocrx_word' id='word_1_174' title='bbox 495 2860 597 2924; x_wconf 91' lang='lat' dir='ltr'>multo</span> <span class='ocrx_word' id='word_1_175' title='bbox 617 2859 807 2947; x_wconf 90' lang='lat' dir='ltr'>posterioris</span> <span class='ocrx_word' id='word_1_176' title='bbox 830 2859 943 2924; x_wconf 88' lang='lat' dir='ltr'>aetatis</span> <span class='ocrx_word' id='word_1_177' title='bbox 966 2859 1106 2946; x_wconf 86' lang='lat' dir='ltr'>scriptor</span> <span class='ocrx_word' id='word_1_178' title='bbox 1126 2857 1315 2944; x_wconf 89' lang='lat' dir='ltr'>diligentius</span> <span class='ocrx_word' id='word_1_179' title='bbox 1332 2881 1387 2925; x_wconf 86' lang='lat' dir='ltr'>ex-</span> 
     </span>
     <span class='ocr_line' id='line_1_22' title="bbox 288 2967 1386 3057; baseline 0.001 -26"><span class='ocrx_word' id='word_1_180' title='bbox 288 2967 435 3053; x_wconf 88' lang='lat' dir='ltr'>plicaret,</span> <span class='ocrx_word' id='word_1_181' title='bbox 460 2968 530 3057; x_wconf 93' lang='lat' dir='ltr'>ipse</span> <span class='ocrx_word' id='word_1_182' title='bbox 554 2969 769 3055; x_wconf 86' lang='lat' dir='ltr'>Apollonium</span> <span class='ocrx_word' id='word_1_183' title='bbox 793 2978 921 3033; x_wconf 89' lang='lat' dir='ltr'>secutus</span> <span class='ocrx_word' id='word_1_184' title='bbox 944 2967 1102 3033; x_wconf 89' lang='lat' dir='ltr'>Hadriani</span> <span class='ocrx_word' id='word_1_185' title='bbox 1125 2968 1305 3055; x_wconf 88' lang='lat' dir='ltr'>aequalem,</span> <span class='ocrx_word' id='word_1_186' title='bbox 1333 2969 1386 3052; x_wconf 90' lang='lat' dir='ltr'>qui</span> 
     </span>
     <span class='ocr_line' id='line_1_23' title="bbox 288 3076 1387 3167; baseline 0.005 -28"><span class='ocrx_word' id='word_1_187' title='bbox 288 3076 411 3163; x_wconf 89' lang='lat' dir='ltr'>primus</span> <span class='ocrx_word' id='word_1_188' title='bbox 443 3079 587 3143; x_wconf 91' lang='lat' dir='ltr'>omnium</span> <span class='ocrx_word' id='word_1_189' title='bbox 611 3079 695 3142; x_wconf 92' lang='lat' dir='ltr'>hanc</span> <span class='ocrx_word' id='word_1_190' title='bbox 725 3079 924 3165; x_wconf 89' lang='lat' dir='ltr'>prouinciam</span> <span class='ocrx_word' id='word_1_191' title='bbox 955 3080 997 3144; x_wconf 90' lang='lat' dir='ltr'>ad</span> <span class='ocrx_word' id='word_1_192' title='bbox 1023 3089 1127 3146; x_wconf 91' lang='lat' dir='ltr'>artem</span> <span class='ocrx_word' id='word_1_193' title='bbox 1157 3088 1191 3144; x_wconf 90' lang='lat' dir='ltr'>et</span> <span class='ocrx_word' id='word_1_194' title='bbox 1210 3089 1387 3167; x_wconf 89' lang='lat' dir='ltr'>praecepta</span> 
     </span>
     <span class='ocr_line' id='line_1_24' title="bbox 287 3187 1385 3276; baseline 0.002 -26"><span class='ocrx_word' id='word_1_195' title='bbox 287 3197 480 3252; x_wconf 88' lang='lat' dir='ltr'>reuocasset.</span> <span class='ocrx_word' id='word_1_196' title='bbox 503 3187 690 3272; x_wconf 89' lang='lat' dir='ltr'>accedebat,</span> <span class='ocrx_word' id='word_1_197' title='bbox 705 3189 792 3274; x_wconf 90' lang='lat' dir='ltr'>qnod</span> <span class='ocrx_word' id='word_1_198' title='bbox 803 3187 906 3252; x_wconf 88' lang='lat' dir='ltr'>Varro</span> <span class='ocrx_word' id='word_1_199' title='bbox 921 3211 1026 3276; x_wconf 89' lang='lat' dir='ltr'>neque</span> <span class='ocrx_word' id='word_1_200' title='bbox 1037 3190 1072 3252; x_wconf 93' lang='lat' dir='ltr'>in</span> <span class='ocrx_word' id='word_1_201' title='bbox 1084 3189 1247 3253; x_wconf 88' lang='lat' dir='ltr'>scribendi</span> <span class='ocrx_word' id='word_1_202' title='bbox 1262 3210 1385 3275; x_wconf 88' lang='lat' dir='ltr'>genere</span> 
     </span>
     <span class='ocr_line' id='line_1_25' title="bbox 287 3297 1385 3386; baseline 0.002 -26"><span class='ocrx_word' id='word_1_203' title='bbox 287 3318 395 3381; x_wconf 87' lang='lat' dir='ltr'>neque</span> <span class='ocrx_word' id='word_1_204' title='bbox 417 3297 452 3362; x_wconf 92' lang='lat' dir='ltr'>in</span> <span class='ocrx_word' id='word_1_205' title='bbox 476 3298 522 3361; x_wconf 89' lang='lat' dir='ltr'>eis</span> <span class='ocrx_word' id='word_1_206' title='bbox 545 3320 626 3386; x_wconf 88' lang='lat' dir='ltr'>quae</span> <span class='ocrx_word' id='word_1_207' title='bbox 649 3298 816 3364; x_wconf 88' lang='lat' dir='ltr'>occasione</span> <span class='ocrx_word' id='word_1_208' title='bbox 839 3298 911 3362; x_wconf 86' lang='lat' dir='ltr'>data</span> <span class='ocrx_word' id='word_1_209' title='bbox 935 3299 976 3362; x_wconf 94' lang='lat' dir='ltr'>de</span> <span class='ocrx_word' id='word_1_210' title='bbox 997 3298 1185 3363; x_wconf 89' lang='lat' dir='ltr'>huiusmodi</span> <span class='ocrx_word' id='word_1_211' title='bbox 1206 3299 1303 3363; x_wconf 90' lang='lat' dir='ltr'>rebus</span> <span class='ocrx_word' id='word_1_212' title='bbox 1319 3321 1385 3362; x_wconf 91' lang='lat' dir='ltr'>mo·</span> 
     </span>
     <span class='ocr_line' id='line_1_26' title="bbox 285 3405 1385 3494; baseline 0.001 -26"><span class='ocrx_word' id='word_1_213' title='bbox 285 3405 367 3486; x_wconf 91' lang='lat' dir='ltr'>nuit,</span> <span class='ocrx_word' id='word_1_214' title='bbox 380 3429 534 3492; x_wconf 88' lang='lat' dir='ltr'>magnum</span> <span class='ocrx_word' id='word_1_215' title='bbox 550 3406 727 3471; x_wconf 85' lang='lat' dir='ltr'>subtilioris</span> <span class='ocrx_word' id='word_1_216' title='bbox 742 3405 890 3492; x_wconf 82' lang='lat' dir='ltr'>syntaxis</span> <span class='ocrx_word' id='word_1_217' title='bbox 904 3406 1048 3470; x_wconf 87' lang='lat' dir='ltr'>studium</span> <span class='ocrx_word' id='word_1_218' title='bbox 1065 3407 1217 3490; x_wconf 83' lang='lat' dir='ltr'>ostendit,</span> <span class='ocrx_word' id='word_1_219' title='bbox 1240 3414 1273 3472; x_wconf 90' lang='lat' dir='ltr'>et</span> <span class='ocrx_word' id='word_1_220' title='bbox 1287 3405 1385 3494; x_wconf 88' lang='lat' dir='ltr'>quod,</span> 
     </span>
     <span class='ocr_line' id='line_1_27' title="bbox 286 3515 1385 3600; baseline 0 -22"><span class='ocrx_word' id='word_1_221' title='bbox 286 3515 357 3578; x_wconf 87' lang='lat' dir='ltr'>fere</span> <span class='ocrx_word' id='word_1_222' title='bbox 379 3515 498 3599; x_wconf 91' lang='lat' dir='ltr'>ubique</span> <span class='ocrx_word' id='word_1_223' title='bbox 520 3516 560 3580; x_wconf 92' lang='lat' dir='ltr'>ad</span> <span class='ocrx_word' id='word_1_224' title='bbox 581 3519 633 3581; x_wconf 78' lang='lat' dir='ltr'>res</span> <span class='ocrx_word' id='word_1_225' title='bbox 659 3525 692 3580; x_wconf 89' lang='lat' dir='ltr'>et</span> <span class='ocrx_word' id='word_1_226' title='bbox 714 3517 798 3580; x_wconf 83' lang='lat' dir='ltr'>facta</span> <span class='ocrx_word' id='word_1_227' title='bbox 823 3517 893 3581; x_wconf 91' lang='lat' dir='ltr'>siue</span> <span class='ocrx_word' id='word_1_228' title='bbox 917 3515 958 3580; x_wconf 84' lang='lat' dir='ltr'>ad</span> <span class='ocrx_word' id='word_1_229' title='bbox 981 3515 1151 3581; x_wconf 82' lang='lat' dir='ltr'>historiam</span> <span class='ocrx_word' id='word_1_230' title='bbox 1181 3515 1328 3600; x_wconf 85' lang='lat' dir='ltr'>gentium</span> <span class='ocrx_word' id='word_1_231' title='bbox 1353 3524 1385 3579; x_wconf 90' lang='lat' dir='ltr'>et</span> 
     </span>
     <span class='ocr_line' id='line_1_28' title="bbox 286 3621 1384 3709; baseline 0.005 -25"><span class='ocrx_word' id='word_1_232' title='bbox 286 3621 466 3687; x_wconf 78' lang='lat' dir='ltr'>litterarum</span> <span class='ocrx_word' id='word_1_233' title='bbox 497 3623 565 3688; x_wconf 89' lang='lat' dir='ltr'>siue</span> <span class='ocrx_word' id='word_1_234' title='bbox 596 3623 637 3688; x_wconf 90' lang='lat' dir='ltr'>ad</span> <span class='ocrx_word' id='word_1_235' title='bbox 665 3632 814 3688; x_wconf 82' lang='lat' dir='ltr'>naturam</span> <span class='ocrx_word' id='word_1_236' title='bbox 835 3633 998 3709; x_wconf 47' lang='lat' dir='ltr'>&#39;spectent</span> <span class='ocrx_word' id='word_1_237' title='bbox 1025 3624 1170 3688; x_wconf 89' lang='lat' dir='ltr'>intentus</span> <span class='ocrx_word' id='word_1_238' title='bbox 1195 3634 1227 3688; x_wconf 90' lang='lat' dir='ltr'>et</span> <span class='ocrx_word' id='word_1_239' title='bbox 1254 3623 1384 3708; x_wconf 84' lang='lat' dir='ltr'>singula</span> 
     </span>
     <span class='ocr_line' id='line_1_29' title="bbox 286 3732 1383 3820; baseline 0.002 -25"><span class='ocrx_word' id='word_1_240' title='bbox 286 3753 470 3818; x_wconf 88' lang='lat' dir='ltr'>conponere</span> <span class='ocrx_word' id='word_1_241' title='bbox 493 3742 590 3820; x_wconf 87' lang='lat' dir='ltr'>atque</span> <span class='ocrx_word' id='word_1_242' title='bbox 612 3755 653 3798; x_wconf 86' lang='lat' dir='ltr'>cx</span> <span class='ocrx_word' id='word_1_243' title='bbox 674 3733 724 3798; x_wconf 88' lang='lat' dir='ltr'>his</span> <span class='ocrx_word' id='word_1_244' title='bbox 746 3732 891 3797; x_wconf 89' lang='lat' dir='ltr'>iudicare</span> <span class='ocrx_word' id='word_1_245' title='bbox 912 3733 1036 3816; x_wconf 87' lang='lat' dir='ltr'>solitus,</span> <span class='ocrx_word' id='word_1_246' title='bbox 1057 3732 1195 3797; x_wconf 88' lang='lat' dir='ltr'>candem</span> <span class='ocrx_word' id='word_1_247' title='bbox 1223 3733 1383 3820; x_wconf 88' lang='lat' dir='ltr'>rationem</span> 
     </span>
     <span class='ocr_line' id='line_1_30' title="bbox 283 3841 1380 3930; baseline 0.001 -25"><span class='ocrx_word' id='word_1_248' title='bbox 283 3841 319 3905; x_wconf 92' lang='lat' dir='ltr'>in</span> <span class='ocrx_word' id='word_1_249' title='bbox 338 3843 438 3906; x_wconf 90' lang='lat' dir='ltr'>rebus</span> <span class='ocrx_word' id='word_1_250' title='bbox 459 3842 678 3928; x_wconf 83' lang='lat' dir='ltr'>grammaticis</span> <span class='ocrx_word' id='word_1_251' title='bbox 700 3841 886 3907; x_wconf 87' lang='lat' dir='ltr'>adhibuisse</span> <span class='ocrx_word' id='word_1_252' title='bbox 901 3842 1083 3928; x_wconf 90' lang='lat' dir='ltr'>putabatur.</span> <span class='ocrx_word' id='word_1_253' title='bbox 1106 3865 1220 3928; x_wconf 83' lang='lat' dir='ltr'>parum</span> <span class='ocrx_word' id='word_1_254' title='bbox 1234 3842 1380 3930; x_wconf 83' lang='lat' dir='ltr'>profecto</span> 
     </span>
     <span class='ocr_line' id='line_1_31' title="bbox 285 3952 1381 4040; baseline 0.002 -23"><span class='ocrx_word' id='word_1_255' title='bbox 285 3963 537 4018; x_wconf 88' lang='lat' dir='ltr'>consentaneum</span> <span class='ocrx_word' id='word_1_256' title='bbox 560 3952 733 4016; x_wconf 88' lang='lat' dir='ltr'>uidebatur</span> <span class='ocrx_word' id='word_1_257' title='bbox 756 3953 853 4016; x_wconf 89' lang='lat' dir='ltr'>talem</span> <span class='ocrx_word' id='word_1_258' title='bbox 877 3952 1070 4038; x_wconf 86' lang='lat' dir='ltr'>scriptorem</span> <span class='ocrx_word' id='word_1_259' title='bbox 1084 3952 1291 4040; x_wconf 82' lang='lat' dir='ltr'>disciplinam</span> <span class='ocrx_word' id='word_1_260' title='bbox 1313 3962 1381 4023; x_wconf 84' lang='lat' dir='ltr'>tan·</span> 
     </span>
     <span class='ocr_line' id='line_1_32' title="bbox 283 4060 1381 4146; baseline -0.002 -20"><span class='ocrx_word' id='word_1_261' title='bbox 283 4061 324 4126; x_wconf 88' lang='lat' dir='ltr'>tis</span> <span class='ocrx_word' id='word_1_262' title='bbox 349 4062 590 4128; x_wconf 86' lang='lat' dir='ltr'>difficultatibus</span> <span class='ocrx_word' id='word_1_263' title='bbox 615 4062 801 4127; x_wconf 89' lang='lat' dir='ltr'>obstrictam</span> <span class='ocrx_word' id='word_1_264' title='bbox 818 4061 908 4146; x_wconf 88' lang='lat' dir='ltr'>quasi</span> <span class='ocrx_word' id='word_1_265' title='bbox 924 4060 1128 4127; x_wconf 89' lang='lat' dir='ltr'>constituisse</span> <span class='ocrx_word' id='word_1_266' title='bbox 1142 4072 1174 4126; x_wconf 92' lang='lat' dir='ltr'>et</span> <span class='ocrx_word' id='word_1_267' title='bbox 1187 4060 1381 4128; x_wconf 89' lang='lat' dir='ltr'>condidisse.</span> 
     </span>
     <span class='ocr_line' id='line_1_33' title="bbox 283 4170 1380 4260; baseline -0.001 -23"><span class='ocrx_word' id='word_1_268' title='bbox 283 4193 389 4256; x_wconf 89' lang='lat' dir='ltr'>neque</span> <span class='ocrx_word' id='word_1_269' title='bbox 410 4171 473 4236; x_wconf 68' lang='lat' dir='ltr'>&#39;hoc</span> <span class='ocrx_word' id='word_1_270' title='bbox 494 4172 583 4256; x_wconf 85' lang='lat' dir='ltr'>fecit,</span> <span class='ocrx_word' id='word_1_271' title='bbox 597 4171 632 4236; x_wconf 91' lang='lat' dir='ltr'>id</span> <span class='ocrx_word' id='word_1_272' title='bbox 655 4172 741 4258; x_wconf 93' lang='lat' dir='ltr'>quod</span> <span class='ocrx_word' id='word_1_273' title='bbox 762 4170 943 4259; x_wconf 89' lang='lat' dir='ltr'>apparebit,</span> <span class='ocrx_word' id='word_1_274' title='bbox 966 4173 993 4237; x_wconf 87' lang='lat' dir='ltr'>si</span> <span class='ocrx_word' id='word_1_275' title='bbox 1014 4171 1162 4238; x_wconf 89' lang='lat' dir='ltr'>breuiter</span> <span class='ocrx_word' id='word_1_276' title='bbox 1184 4195 1246 4260; x_wconf 89' lang='lat' dir='ltr'>qua</span> <span class='ocrx_word' id='word_1_277' title='bbox 1270 4171 1380 4237; x_wconf 88' lang='lat' dir='ltr'>condi·</span> 
     </span>
     <span class='ocr_line' id='line_1_34' title="bbox 282 4273 1379 4369; baseline 0 -23"><span class='ocrx_word' id='word_1_278' title='bbox 282 4281 371 4348; x_wconf 88' lang='lat' dir='ltr'>tione</span> <span class='ocrx_word' id='word_1_279' title='bbox 394 4273 552 4347; x_wconf 80' lang='lat' dir='ltr'>Varronis</span> <span class='ocrx_word' id='word_1_280' title='bbox 580 4291 727 4369; x_wconf 90' lang='lat' dir='ltr'>tempore</span> <span class='ocrx_word' id='word_1_281' title='bbox 750 4280 857 4344; x_wconf 89' lang='lat' dir='ltr'>studia</span> <span class='ocrx_word' id='word_1_282' title='bbox 878 4281 1089 4368; x_wconf 85' lang='lat' dir='ltr'>grammatica</span> <span class='ocrx_word' id='word_1_283' title='bbox 1111 4281 1235 4347; x_wconf 82' lang='lat' dir='ltr'>fuerint</span> <span class='ocrx_word' id='word_1_284' title='bbox 1257 4282 1291 4347; x_wconf 93' lang='lat' dir='ltr'>in</span> <span class='ocrx_word' id='word_1_285' title='bbox 1313 4301 1379 4346; x_wconf 88' lang='lat' dir='ltr'>me-</span> 
     </span>
    </p>
   </div>
   <div class='ocr_carea' id='block_1_3' title="bbox 281 4390 706 4461">
    <p class='ocr_par' dir='ltr' id='par_1_3' title="bbox 281 4390 706 4461">
     <span class='ocr_line' id='line_1_35' title="bbox 281 4390 706 4461; baseline -0.002 -3"><span class='ocrx_word' id='word_1_286' title='bbox 281 4395 418 4461; x_wconf 89' lang='lat' dir='ltr'>moriam</span> <span class='ocrx_word' id='word_1_287' title='bbox 435 4390 706 4458; x_wconf 82' lang='lat' dir='ltr'>reuocauerimus.</span> 
     </span>
    </p>
   </div>
   <div class='ocr_carea' id='block_1_4' title="bbox 0 0 1580 5142">
    <p class='ocr_par' dir='ltr' id='par_1_4' title="bbox 0 0 1580 5142">
     <span class='ocr_line' id='line_1_36' title="bbox 0 0 1580 5142; baseline 0 4"><span class='ocrx_word' id='word_1_288' title='bbox 0 0 1580 5142; x_wconf 95' lang='lat' dir='ltr'> </span> 
     </span>
    </p>
   </div>
  </div>
 </body>
</html>
