3152 5142
811 485 860 542 ’26

299 685 365 732 seo.
388 664 481 732 nihili
503 665 536 730 in
558 664 619 728 hac
638 684 675 728 re
698 672 757 747 est,
781 661 867 748 qood
890 660 932 726 ad
955 658 1215 749 conpositionem
1236 679 1395 725 nonsem-

296 793 356 861 per
376 773 531 862 respexit,
553 771 703 839 utV143
715 795 747 860 p.
760 771 821 836 222
843 781 972 855 copttorc
992 797 1011 840 o
1034 779 1160 855 eopeado
1176 755 1300 849 dietam:
1316 794 1397 838 metas

295 891 386 966 pltare
406 893 438 950 to
457 907 548 952 uuum
568 892 651 966 coptt,
674 890 752 948 unde
773 890 879 964 cttperc
902 890 1002 961 possit.
1019 890 1062 948 sic
1074 905 1110 947 ec
1124 887 1289 947 bominibus
1302 890 1396 948 causo

294 999 383 1071 dicta,
403 1001 446 1060 sto
467 1002 616 1074 coemptio,
638 1002 680 1059 sto
700 1000 858 1072 computat
876 1000 1065 1057 nominatum.
1095 1015 1115 1056 o
1135 1000 1308 1072 capitatione
1331 1013 1396 1078 eon·

295 1109 401 1181 cilium,
422 1111 492 1170 iude
513 1110 674 1172 cocetum.
703 1123 779 1165 nam
795 1101 912 1166 horum
934 1110 1119 1189 temporum
1137 1100 1340 1186 grammatici
1365 1101 1395 1166 ei

293 1222 397 1305 erant,
424 1211 644 1300 quinondum
666 1233 763 1276 usum
793 1231 923 1299 semper
951 1209 994 1275 ad
1022 1219 1126 1276 artem
1148 1210 1292 1298 dirigere
1313 1209 1395 1276 didi·

295 1322 414 1388 cissent
436 1341 638 1408 quorumque
662 1344 713 1385 ars
737 1319 807 1409 ipsa
828 1320 916 1412 haud
939 1341 1015 1385 sane
1037 1321 1181 1408 perfecta
1203 1330 1297 1386 esset.

393 1429 511 1497 Altera
533 1430 648 1513 triade,
678 1451 759 1514 quae
781 1439 909 1494 seruata
933 1439 993 1512 est,
1021 1429 1073 1494 ‘dc
1095 1431 1270 1496 uerborum
1293 1431 1393 1517 origi-

292 1540 398 1606 nibus’
423 1538 542 1626 agitur,
573 1539 679 1628 primo
703 1539 786 1604 libro
811 1539 894 1624 (VII
915 1540 1027 1628 lloaep.
1044 1539 1120 1624 389)
1155 1539 1196 1605 de
1229 1541 1394 1606 uocabulis

293 1649 453 1714 ‘locorum
475 1659 509 1714 et
527 1671 638 1714 earum
654 1669 765 1713 rerum
778 1669 860 1736 quae
875 1649 909 1713 in
921 1647 1001 1713 locis
1015 1669 1085 1714 esse
1097 1647 1226 1732 solent’,
1249 1648 1394 1717 seeundo

292 1758 421 1844 ‘quibus
444 1758 612 1824 uocabulis
636 1767 784 1846 tempora
805 1757 870 1824 sint
888 1766 996 1823 notata
1021 1765 1054 1822 et
1083 1773 1141 1824 eae
1171 1781 1225 1824 res
1257 1781 1339 1847 quae
1361 1759 1396 1824 in

294 1870 493 1958 temporibus
519 1868 621 1951 fiunt,
652 1865 749 1934 tertio
777 1866 820 1933 ‘iu
846 1887 909 1954 quo
939 1892 959 1934 a
983 1867 1087 1955 poetis
1118 1877 1246 1956 sumpta
1272 1877 1310 1934 ut
1335 1869 1392 1934 illa

294 1977 363 2044 dixi
386 1975 419 2042 in
441 1977 566 2044 duobus
588 1977 680 2043 libris
704 1976 744 2042 de
766 1981 832 2058 (om.
855 1977 908 2055 F.)
936 1977 1041 2042 soluta
1068 1977 1234 2042 oration'c'.
1281 1978 1322 2042 de
1345 1977 1395 2042 bis

295 2087 442 2175 pluribus
465 2079 630 2174 disputare
652 2107 719 2152 non
735 2086 840 2174 magis
853 2083 950 2152 huius
965 2088 1029 2160 loci
1046 2096 1105 2170 est,
1119 2101 1223 2172 'quam
1237 2087 1279 2152 de
1290 2087 1395 2175 prima

294 2195 399 2260 triade
429 2195 562 2260 alterius
590 2196 727 2262 hexadis
764 2196 805 2260 de
836 2195 1107 2288 declinationibus
1138 2197 1277 2284 scripta,
1313 2218 1394 2282 quae

294 2305 374 2370 item
395 2313 494 2388 extat,
518 2304 712 2370 cuiuslibro
736 2305 841 2393 primo
864 2304 1018 2393 exposuit
1038 2305 1132 2392 ‘quae
1153 2313 1267 2370 eontra
1284 2305 1393 2370 simili·

293 2413 441 2480 tudinem
464 2405 719 2480 declinationum
742 2411 911 2498 dioantur,
941 2413 1044 2479 altero
1074 2435 1158 2498 quae
1184 2413 1307 2478 ‘contre
1330 2414 1394 2479 dis·

293 2521 561 2607 similitudinem,
594 2523 698 2589 tertio¹
719 2523 773 2588 ‘de
806 2523 1053 2591 similitudinum
1084 2524 1197 2589 forma’
1228 2523 1334 2608 (VIII
1352 2523 1393 2588 24

293 2655 325 2722 p.
339 2634 424 2717 409),
449 2653 530 2718 quae
562 2631 677 2698 diuisio
706 2655 781 2698 eum
811 2632 1015 2722 dispositioni
1040 2632 1394 2702 librorumII-—IIII
1432 2625 1435 2632 ’

293 2765 426 2830 prorsus
447 2743 644 2829 respondeat
666 2742 747 2824 (Vll
766 2743 832 2806 Ι109
854 2766 886 2831 p.
902 2741 987 2826 389),
1012 2743 1076 2806 iam
1098 2741 1151 2806 hio
1171 2750 1394 2830 expectamus,

292 2851 427 2916 alteram
441 2851 467 2931 ¹)
487 2851 629 2916 triadem
644 2851 762 2916 eodem
784 2851 882 2916 modo
896 2851 991 2916 illius
1013 2850 1150 2916 hexadis
1169 2850 1393 2916 triadi'socun-

294 2961 355 3026 dae
377 2959 597 3048 respondisse,
618 2971 654 3026 ut
676 2962 800 3048 primus
818 2961 902 3026 liber
913 2961 1081 3044 uocabula,
1104 2961 1187 3026 alter
1199 2963 1300 3026 uerba
1312 2948 1394 3026 tem-

292 3071 428 3159 p'oralia,
451 3069 564 3135 tertius
586 3077 755 3156 poetarum
777 3089 872 3134 usum
896 3067 1073 3151 contineat,
1106 3067 1195 3155 quod
1224 3067 1395 3134 confirma-

292 3179 380 3246 bitur
402 3181 428 3244 si
450 3179 595 3246 diuersas
611 3169 772 3245 orationis
800 3177 977 3243 diuisiones
1008 3202 1026 3242 a
1051 3178 1212 3264 scriptore
1242 3179 1276 3243 in
1309 3179 1394 3244 libro

296 3289 433 3375 decimo,
457 3311 519 3377 quo
541 3309 632 3354 suam
648 3287 690 3352 de
712 3285 862 3374 analogia
885 3287 1080 3354 sententiam
1101 3289 1255 3376 explieat,
1276 3311 1394 3378 propo-

292 3400 371 3466 sitas
403 3397 707 3464 examinauerimus.
742 3396 824 3463 duae
841 3397 940 3464 'enim
970 3408 1045 3464 sunt
1080 3419 1161 3488 quae
1192 3400 1227 3464 in
1261 3417 1394 3484 censum

292 3509 430 3577 ueniunt
441 3507 478 3594 ²).
508 3505 625 3596 prioris
647 3507 708 3572 hae
730 3516 839 3594 partes
863 3517 940 3573 sunt
962 3508 1008 3592 (X
1022 3508 1062 3574 15
1077 3527 1111 3594 p.
1124 3507 1198 3572 552.
1220 3507 1394 3596 otpolt.

294 3686 491 3700 ——n-——q-

392 3809 419 3879 1)
438 3810 526 3866 Recte
545 3810 616 3873 uidit
637 3809 668 3864 Ο.
686 3811 804 3866 Mueller
822 3811 909 3881 praef.
925 3811 999 3882 pls,v
1015 3812 1051 3868 ad
1071 3812 1121 3874 hos
1140 3811 1227 3866 libros
1246 3810 1395 3866 referenda

292 3924 360 3978 esse,
380 3923 451 3978 quae
470 3908 513 3962 ‘de
533 3907 613 3978 copia
630 3908 790 3964 uerborum’
809 3909 899 3963 Vlsst
915 3927 943 3980 p.
955 3908 1016 3964 392.
1042 3909 1077 3964 20
1093 3927 1120 3978 p.
1133 3907 1196 3976 406)
1215 3907 1304 3962 Varro
1329 3925 1394 3978 pro·

292 4003 389 4070 mittit,
413 4004 578 4074 eosdemque
605 4005 722 4073 iudicari
747 4005 836 4060 ‘libris
858 4005 906 4078 qui
926 4005 961 4060 de
979 4005 1104 4060 formulis
1126 4007 1277 4060 uerborum
1300 4006 1393 4060 erunt'
1510 4027 1512 4030 ·

292 4099 330 4166 (X
344 4097 379 4154 33
398 4119 425 4170 p.
440 4100 504 4170 536)
533 4102 607 4171 quod
633 4101 751 4156 alterum
775 4102 967 4156 testimonium
986 4103 1022 4156 M.
1044 4103 1130 4156 Hertz
1159 4102 1303 4172 (philolog.
1324 4103 1392 4158 klin.

291 4195 425 4266 streiizug
442 4215 469 4268 p.
483 4195 528 4266 31)
552 4195 586 4250 de
606 4195 685 4251 libris
704 4195 868 4252 XX-XXV
893 4199 1021 4269 accipere
1048 4199 1155 4266 maluit,
1183 4215 1348 4268 quamquam
1377 4215 1392 4252 e

292 4293 442 4349 uerborum
460 4297 592 4350 contexto
608 4291 649 4349 ibi
667 4292 701 4348 de
717 4293 952 4351 declinationibus
972 4295 1066 4352 ectum
1083 4295 1118 4350 iri
1135 4295 1316 4367 intellegitur.

310 4421 313 4428 ·
390 4390 419 4460 2)
439 4387 571 4458 Reliquae
599 4395 664 4444 sunt
691 4390 755 4445 bae:
784 4393 871 4447 uerba
893 4409 963 4460 quac
988 4393 1163 4447 declinantur
1191 4395 1219 4446 et
1245 4409 1314 4461 quae
1332 4409 1387 4448 uon
