3152 5142
711 432 750 490 39

185 610 280 675 uelut
300 610 373 676 libri
398 610 482 676 sexti
502 611 556 692 (86
573 633 605 698 p.
617 609 679 674 262
696 610 758 694 sq.)
781 610 887 674 locum
913 609 955 673 de
975 608 1091 675 tabulis
1115 609 1280 688 censoriis,

186 740 280 804 quem
312 719 358 784 ibi
389 720 530 806 positum
560 719 730 801 mirabere,
762 740 780 784 e
810 719 894 784 libro
924 715 1151 802 antiquitatum
1173 719 1283 782 huma·

185 842 299 884 narum
310 820 376 884 XX
399 821 628 908 transcriptum
650 839 730 890 esse¹
744 843 762 886 e
776 821 809 887 N
811 822 864 888 oni
879 821 925 906 (u.
942 821 1095 886 sortirent
1117 845 1148 909 p.
1161 821 1221 885 471
1233 819 1282 903 Μ)

186 928 369 994 testimonio
390 930 448 1014 (of.
461 929 516 995 W.
536 929 647 996 Christ
668 931 779 1018 philol.
802 931 854 996 XI
875 955 906 1019 p.
924 931 1012 1014 451),
1042 937 1075 994 et
1095 952 1160 994 non
1182 952 1283 1017 pauca

185 1035 225 1100 de
248 1035 366 1102 diebus
395 1037 486 1104 festis
516 1036 549 1104 in
582 1039 698 1104 eodem
729 1039 812 1104 libro
844 1061 887 1104 ex
909 1039 1033 1104 eisdem
1057 1037 1283 1123 antiquitatum

185 1144 289 1227 libris,
313 1146 354 1212 ud
378 1169 457 1232 quos
481 1146 531 1212 bis
547 1135 661 1232 (V'113
676 1171 708 1235 p.
723 1147 791 1213 195.
808 1150 845 1213 18
857 1172 888 1235 p.
902 1147 979 1232 200)
994 1147 1133 1212 lectores
1145 1147 1282 1233 relegat,

184 1254 318 1320 fluxisse
341 1256 485 1344 adparet.
1204 1280 1206 1286 ’

282 1363 414 1431 Deinde
438 1365 478 1432 Ο.
502 1365 642 1432 Mueller
671 1367 711 1432 ad
742 1366 860 1432 indicia
889 1366 1008 1455 partim
1034 1374 1191 1430 enatura
1214 1387 1282 1428 ora-

184 1472 281 1538 tionis
304 1483 337 1538 et
359 1475 580 1563 expositionis,
603 1477 720 1564 partim
743 1477 880 1542 erebus
903 1476 1029 1540 traditis
1046 1473 1282 1541 duetatransit.

183 1582 259 1648 Duo
284 1583 409 1649 inuenit
435 1607 452 1650 e
475 1587 572 1650 rebus
594 1595 733 1673 sumpta,
765 1607 902 1674 quorum
923 1587 1063 1650 alterurn
1086 1585 1207 1650 nullius
1232 1591 1282 1648 est

185 1693 351 1776 momenti,
370 1694 508 1760 alterum
533 1707 643 1760 contra
666 1713 739 1760 eum
764 1705 898 1783 pugnat.
921 1696 1061 1784 primum
1085 1694 1183 1776 enim,
1206 1715 1281 1757 cum

184 1803 269 1868 inter
293 1825 406 1869 omncs
436 1805 804 1892 quigrammaticorum
834 1827 1026 1893 graecorum
1052 1815 1083 1868 et
1107 1804 1281 1874 latinorum

184 1910 306 1996 scripta
327 1922 498 1994 nonerunt,
521 1933 615 1997 quam
638 1934 735 2002 saepe
757 1914 871 1978 cadem
887 1921 1037 2000 repetere
1052 1922 1084 1976 et
1097 1912 1138 1976 de
1157 1910 1280 1975 eisdem

184 2021 271 2084 inter
293 2043 328 2086 se
351 2023 531 2108 pugnantia
553 2023 697 2088 seribere
719 2023 854 2106 soleant,
878 2032 1005 2090 constet
1030 2022 1087 2106 (cf.
1109 2021 1153 2088 Κ.
1175 2020 1280 2087 Lehrs

181 2152 257 2196 nou.
282 2153 364 2196 mus.
387 2132 447 2198 er.
472 2134 509 2198 II
530 2155 561 2219 p.
577 2134 645 2197 119.
669 2133 853 2198 Herodiani
873 2133 995 2220 scripta
1016 2131 1069 2196 III
1089 2154 1121 2219 p.
1132 2132 1194 2196 417
1207 2137 1280 2220 sq.),

183 2240 260 2304 talia
288 2241 365 2305 inde
390 2241 528 2328 (lel)
560 2243 648 2307 effici
679 2265 745 2306 non
776 2253 922 2328 possunt.
965 2243 1117 2308 Alterum
1149 2265 1167 2307 e
1198 2253 1280 2308 tem*

182 2373 300 2436 porum
327 2349 668 2416 rationibusduetum
701 2360 759 2417 cst.
803 2375 877 2416 cum
899 2373 916 2416 e
937 2351 1057 2417 mensis
1079 2352 1281 2417 intercalaris

184 2457 248 2542 (VI
274 2459 311 2522 13
339 2483 369 2545 p.
388 2460 461 2541 195)
495 2461 659 2524 mentione
686 2459 807 2526 librum
840 2470 913 2525 autc
945 2461 1093 2528 Caesaris
1125 2463 1281 2526 fastomm

184 2568 447 2634 emendationem
478 2569 635 2658 scriptum
669 2591 741 2636 esse
772 2569 913 2654 uideret,
950 2570 1281 2658 quod'conprebauit

183 2677 245 2742 Th.
278 2677 460 2744 Mommsen
480 2680 521 2766 ¹),
561 2702 746 2769 repugnare
780 2679 980 2746 existimauit
1016 2680 1117 2744 haeae
1154 2675 1281 2758 (V122

183 2811 215 2874 p.
228 2787 321 2872 204)’;
355 2795 530 2858 Saturnalia
562 2798 640 2858 dieto
660 2799 697 2856 ab
724 2797 852 2870 Saturae
873 2797 951 2872 qaod
974 2813 1005 2855 eo
1027 2795 1187 2867 dietarios
1209 2799 1280 2865 aas,

183 2908 214 2962 ut
238 2909 306 2977 post
328 2905 404 2964 diem
430 2909 548 2966 tertium
569 2908 679 2980 operta
700 2908 781 2981 Opis,
815 2901 902 2985 quod
924 2901 1108 2965 Varronem
1131 2897 1281 2965 Caesaris

183 3006 284 3070 fastos
311 3015 456 3072 secutum
485 3018 598 3095 postea
632 3009 841 3097 disputationi
874 3009 1038 3074 addidisse
1069 3005 1203 3096 putauit.
1248 3006 1299 3071 in*

184 3137 248 3201 quo
272 3138 345 3180 eum
369 3140 434 3182 non
457 3118 605 3202 offendit,
634 3119 721 3205 quod
740 3117 849 3184 Varro
876 3118 929 3203 qui
954 3117 1051 3182 etiam
1081 3117 1121 3180 dc
1145 3137 1181 3181 re
1201 3125 1281 3181 rust.

184 3225 267 3308 128,
288 3226 317 3308 1,
348 3247 427 3310 quos
451 3227 558 3292 libres
587 3226 861 3294 eum'DCCXVI
890 3227 946 3290 uel
974 3236 1088 3313 postea
1111 3223 1280 3313 scripsisse

183 3344 320 3418 constat,
352 3334 392 3399 de
420 3333 570 3400 Caesaris
598 3336 688 3402 fastis
714 3336 850 3422 loquens
882 3336 999 3402 adiciat
1030 3344 1092 3403 dies
1123 3345 1174 3416 qua·
1204 3361 1282 3402 asmo
1342 3359 1345 3364 ·

181 3456 250 3510 aaut
272 3444 354 3508 illud
377 3444 529 3510 continuo
552 3456 626 3534 post
646 3447 923 3512 correctosfastos
939 3456 1004 3511 tarn
1022 3445 1110 3511 nude
1125 3445 1280 3532 posuerit.

184 3551 368 3620 Saturnalia
390 3555 522 3640 quidem
555 3565 592 3621 et
611 3556 728 3643 Opalia
759 3557 876 3622 eodem
907 3556 961 3620 die
984 3554 1159 3642 antiquitus
1181 3553 1281 3618 irrisse

283 3756 310 3822 1)
330 3757 401 3812 Vsus
420 3760 463 3810 est
482 3757 544 3812 loce
564 3756 646 3822 Vl20
664 3775 690 3826 p.
703 3757 754 3810 201
775 3757 870 3822 (roem.
887 3754 1010 3812 chronol.
1021 3773 1048 3824 p.
1060 3754 1121 3809 235.
1133 3773 1160 3823 p.
1172 3753 1215 3820 16)
1234 3752 1282 3806 ubi

184 3852 212 3904 in
232 3852 328 3906 codice
346 3852 455 3906 Vinalia
473 3853 578 3908 rustica
596 3875 621 3908 a.
634 3857 658 3906 d.
675 3855 729 3908 Xll
746 3857 800 3906 lsnl.
818 3855 964 3924 septembr.
985 3851 1031 3922 agi
1050 3851 1189 3914 dicuutur,
1207 3847 1282 3916 quod

183 3950 255 4002 male
274 3950 397 4004 correxit
416 3949 588 4020 Augustinus
610 3949 640 4002 in
659 3971 683 4003 a.
697 3952 720 4002 d.
741 3953 825 4002 Xllll
845 3952 991 4026 latsepn,
1014 3947 1062 4016 qui
1079 3947 1108 3998 in
1125 3946 1205 4000 fastis
1222 3961 1281 3998 eor-

183 4046 267 4099 rectis
286 4045 327 4098 illi
346 4046 541 4118 respondebat.
561 4023 633 4100 idem
645 4063 810 4116 quamquam
823 4045 961 4100 intellexit
974 4043 1005 4098 L.
1016 4042 1174 4100 Pontedera
1194 4041 1281 4109 antiq.

184 4141 333 4212 latgraec.
347 4160 438 4196 enarr.
450 4161 476 4212 p.
487 4142 632 4212 317nugis
650 4161 666 4196 a
685 4160 752 4195 uero
771 4141 872 4197 abduci
890 4159 919 4194 se
939 4157 1038 4210 passus
1057 4142 1111 4207 est3
1133 4137 1219 4191 nihilo
1231 4135 1280 4190 mi-

184 4253 235 4291 nus
252 4237 396 4307 praeclare
414 4255 476 4292 eum
494 4256 553 4292 rem
573 4237 779 4292 demonstrasse
797 4237 933 4291 iudicauit
954 4235 974 4316 l.
995 4233 1028 4289 G:
1046 4234 1198 4290 Schneider
1217 4233 1278 4288 uita

185 4334 262 4391 Varr.
281 4335 311 4388 in
328 4334 424 4404 script.
444 4336 485 4390 rei
502 4340 572 4390 rust.
589 4335 631 4388 12
655 4353 683 4404 p.
696 4334 758 4389 230.
