3126 5146
718 483 776 540 111

202 661 404 741 enumerant,
422 655 472 722 'ml
482 655 662 724 Varronem
683 653 849 742 pertinere
869 653 978 722 credo.
997 653 1303 744 anulorumquidem

201 765 298 832 huius
327 764 376 830 rei
404 773 571 831 auctorem
604 764 768 848 Probum,
805 763 857 830 in.
874 763 965 832 cuius
997 762 1153 834 institutis
1184 763 1304 834 ortum

202 875 318 962 ps1313
333 873 380 940 25
402 875 475 940 hoc
489 874 625 962 legitur,
653 873 721 941 sed:
742 872 883 962 primum
900 873 1007 941 Varro
1039 882 1206 944 accurate·
1221 895 1304 958 quse

203 982 395 1072 pronomina
419 989 529 1052 essent
551 983 749 1071 primigenia
777 983 922 1050 indicare
951 982 1075 1068 debuit,
1097 982 1217 1052 deinde
1239 983 1306 1052 hoe

202 1113 307 1180 prope
328 1091 371 1157 srl
394 1091 570 1158 stoicorum
593 1091 772 1160 doctrinam
792 1091 970 1178 secedim)
989 1092 1136 1178 talesque
1158 1091 1306 1180 partitio·

205 1223 264 1268 nes
275 1201 459 1281 Varronem
474 1201 640 1268 adamasse
661 1202 828 1269 uellocus
849 1202 1126 1292 suprascriptussse
1147 1201 1240 1270 libris
1260 1201 1305 1271 da

204 1309 319 1396 lingua
338 1310 439 1378 latina
463 1310 569 1378 docet.
590 1311 696 1378 noluit
716 1310 801 1376 enim
827 1310 1021 1399 pronomina
1045 1320 1100 1378 aut
1115 1312 1211 1383 unita
1226 1311 1305 1398 (ego

204 1427 240 1484 tn
259 1419 376 1505 ills²))
398 1430 454 1486 aut
473 1421 583 1486 *minus
605 1443 702 1506 quam
717 1421 815 1488 ,finita
830 1421 913 1509 (ipse
934 1421 999 1487 iste
1017 1420 1045 1488 is
1056 1420 1115 1487 ,hie
1132 1421 1221 1490 idem
1241 1421 1305 1506 sui)
1381 1422 1382 1426 ’

205 1538 260 1596 ant
279 1529 405 1597 infinita
426 1529 497 1614 (qni
516 1531 571 1595 uel
591 1531 662 1615 quis
685 1530 888 1615 qnalistalis
903 1537 1011 1596 tantus
1029 1539 1307 1618 quantus'quotus

205 1642 305 1726 totus)
330 1649 387 1706 ant
408 1639 593 1729 possession
612 1641 721 1726 (meris.
739 1649 813 1706 tuus
837 1645 913 1704 suu's
936 1649 1048 1706 noster
1069 1647 1194 1725 uester)
1217 1657 1308 1728 esse,

206 1871 253 1922 tur
281 1866 384 1922 habers
410 1866 558 1922 rationem.
594 1863 668 1920 ursule
696 1866 823 1922 Donatus
845 1864 943 1920 melius
963 1863 1012 1932 qui¹
1029 1864 1059 1920 in
1076 1864 1145 1924 uuas
1164 1870 1258 1936 part-es
1275 1866 1309 1923 iu

207 1962 298 2033 primo
317 1962 421 2020 diuisit.
451 1979 515 2018 uem
535 1962 559 2016 si
579 1979 611 2018 ea
628 1967 693 2030 sunt
710 1960 790 2019 linita
806 1961 1071 2031 pronomina„un
1089 1961 1236 2034 recipiunt,
1246 1981 1310 2034 per-

208 2081 300 2136 sonas,
318 2063 372 2118 alia
390 2063 483 2118 omnia
501 2080 572 2132 quae
590 2080 648 2118 non
664 2061 804 2132 recipiunt
822 2077 955 2134 personas
968 2059 1212 2124 infinitadicenda
1228 2067 1310 2133 sunt3

208 2159 282 2216 unde
299 2164 417 2232 apparet
432 2159 508 2230 quod
525 2157 634 2212 infinita
652 2163 681 2212 et
699 2160 789 2214 minus
809 2177 891 2228 quam
909 2157 988 2213 finita
1008 2163 1037 2214 et
1054 2160 1211 2230 possessiua
1235 2164 1309 2218 sunt.

209 2243 283 2326 quoti
303 2255 474 2326 quambene
501 2255 536 2310 ad
554 2259 643 2310 artem
662 2257 783 2326 logicam
805 2256 1044 2310 accommodatum
1073 2257 1110 2310 sit
1130 2256 1231 2312 doceat
1253 2257 1311 2312 Cle-

210 2349 310 2406 'donius
334 2371 361 2422 p.
381 2350 464 2406 1906:
493 2351 592 2406 ‘minus
618 2371 700 2422 quam
728 2349 808 2406 finita
831 2356 896 2406 sunt
916 2370 986 2421 quae
1004 2371 1056 2407 nec
1074 2351 1153 2406 finita
1175 2351 1240 2408 sunt
1259 2370 1311 2408 nec

181 2446 329 2518 'infinita
354 2462 418 2503 nam
440 2448 494 2502 iste
518 2452 547 2502 et
575 2449 636 2518 ipsc
660 2453 687 2503 et
709 2449 743 2502 dc
761 2449 954 2518 praesentibus
974 2447 1091 2502 dicimus
1111 2451 1140 2502 et
1160 2447 1194 2503 de
1215 2449 1312 2503 absen-

211 2541 305 2598 tibus'.

312 2640 338 2710 1)
356 2641 441 2695 Prisc.
466 2641 532 2696 Xlll
552 2659 579 2710 p.
598 2639 664 2695 548:
696 2641 787 2695 ‘stoici
809 2641 890 2695 ‘enim
920 2640 1070 2695 articulum
1095 2644 1132 2694 et
1156 2657 1312 2710 pronomen
1371 2712 1374 2717 Ι

213 2753 297 2794 unam
323 2741 433 2806 partem
456 2738 590 2795 orationis
619 2727 803 2808 accipiebant,
830 2737 969 2794 infinitum
995 2737 1144 2800 articulum
1168 2741 1311 2804 uocantes,

214 2851 296 2904 quam
315 2834 495 2906 grammatici·
508 2835 666 2902 articulum,
694 2835 774 2904 eique
801 2835 986 2906 adiungentes
1016 2833 1100 2906 etiam
1128 2833 1238 2894 infinita
1264 2851 1313 2892 uo·

213 2931 289 2985 mina
315 2933 361 2986 uel
387 2933 521 3001 relatiua,
551 2975 584 2992 ..
607 2970 612 2981 ·
642 2934 751 2990 finitum
783 2939 876 2990 autern
908 2935 1056 2993 articulum
1082 2935 1213 2995 dicebant
1239 2933 1314 2991 idem

214 3028 308 3096 stoici,
328 3029 402 3100 quod
421 3048 495 3087 nunc
511 3048 666 3100 pronomen
687 3049 817 3086 uocamus
836 3030 954 3099 finitum,
979 3031 1054 3109 quod
1072 3035 1101 3086 et
1118 3049 1187 3087 uera
1205 3030 1313 3084 ratione

161 3125 164 3132 '
216 3123 306 3178 solum
324 3143 479 3196 pronomen
496 3130 538 3180 est
555 3127 718 3196 dicendum3
738 3146 804 3198 ergo
822 3127 942 3184 Ronmni
961 3145 1069 3198 quoque
1080 3128 1183 3184 artium
1194 3125 1314 3196 scripto·

215 3239 260 3276 res
281 3223 433 3276 stoicorum
454 3223 542 3278 secuti
560 3227 648 3294 magis
667 3222 848 3278 traditionem
865 3225 1031 3295 pronomina
1050 3223 1129 3278 linita
1143 3223 1274 3278 dixerunt
1287 3227 1316 3276 et

212 3313 332 3386 infinita,
353 3332 418 3374 nam
438 3321 570 3374 articulos
586 3337 644 3374 non
662 3321 767 3375 habent
785 3337 807 3374 c.
822 3339 846 3390 q.
859 3320 891 3374 s’
905 3352 939 3360 -
955 3321 1037 3375 aliter
1054 3319 1202 3390 Dionysius
1221 3317 1316 3374 Thrax

214 3413 310 3486 pulo
317 3417 402 3472 Bekk.
421 3417 458 3473 cf:
475 3419 567 3489 Apoll.
586 3418 721 3490 depron.
743 3417 800 3488 p.4
817 3419 851 3475 cl.
879 3417 916 3470 M.
934 3417 1062 3472 Schmidl
1079 3417 1096 3470 l.
1110 3433 1131 3474 u.
1148 3433 1177 3486 p.
1192 3415 1254 3475 bles
1279 3416 1316 3472 ’0.

218 3511 392 3570 Sohcsmann
410 3513 488 3570 lehre
504 3533 531 3571 v·
551 3516 576 3570 d.
595 3515 702 3570 redsth.
720 3515 874 3584 p.·'119sq.¹

317 3613 346 3680 2)
365 3612 504 3670 Numxr'lls
517 3611 583 3668 huic
592 3613 674 3690 classi
683 3611 909 3672 adnumeremur
922 3609 1019 3670 uatus
1033 3608 1067 3666 uf.
1076 3608 1167 3668 Dium.
1178 3626 1206 3678 p.
1215 3607 1316 3676 3225:

219 3709 348 3778 ‘qualitas
365 3708 446 3764 finita
462 3710 491 3764 in
509 3710 599 3779 prima
619 3715 648 3764 et
666 3711 696 3763 in
714 3708 836 3764 secunda
852 3711 1032 3785 personaest,
1050 3704 1160 3762 infinita
1178 3710 1208 3760 et
1225 3705 1316 3760 minus

219 3823 301 3874 quam
318 3805 398 3860 finita
415 3807 444 3860 in
463 3808 548 3861 tertia
567 3807 718 3861 inuenitur.
737 3805 817 3860 finita
834 3808 885 3871 cst,
910 3821 979 3873 quae
999 3807 1080 3858 notat
1097 3806 1205 3857 certum
1223 3819 1318 3856 nume·

218 3919 280 3956 rum
300 3908 330 3958 et
347 3908 457 3958 aarum
474 3907 582 3974 gestum
601 3903 701 3974 dirigit
719 3903 758 3956 ad
775 3906 882 3958 certam
900 3917 1048 3971 personam
1068 3903 1101 3954 ut
1118 3917 1179 3969 ego.
1208 3897 1318 3952 infinita

165 4068 170 4076 Ι
217 4003 271 4066 est,
292 4016 362 4066 quse
383 4005 489 4056 certam
513 4017 570 4054 non
593 4000 695 4070 recipit
717 4015 867 4070 personam
891 3997 940 4052 sed
964 3997 1080 4051 cuilibet
1106 3998 1200 4065 potest
1217 3993 1318 4064 aptari,

219 4101 252 4150 ut
268 4097 328 4166 quis
348 4097 510 4166 quaequod,
527 4097 618 4155 minus
635 4113 717 4166 qnam
735 4095 815 4150 finita
834 4099 877 4149 est
894 4111 964 4163 quae
983 4092 1067 4148 certis
1084 4095 1115 4148 et
1131 4089 1318 4161 incertispup

127 4271 130 4278 Α
218 4192 294 4249 uenis
312 4193 406 4264 aptari
420 4197 526 4263 potest,
541 4198 575 4247 ut
592 4192 669 4262 ipse'.
694 4193 776 4246 Seru.
795 4191 831 4244 ad
848 4191 919 4245 Don.
937 4208 964 4259 p.
974 4189 1057 4244 1785:
1074 4191 1138 4244 ‘ills
1156 4189 1319 4258 plerunque

220 4291 354 4358 animur,
373 4307 438 4345 uam
457 4289 534 4344 eiad
552 4288 707 4359 praesentis
724 4305 873 4357 personum
890 4285 1023 4352 refertur,
1042 4288 1201 4345 tuncmte
1209 4283 1320 4341 linitam

222 4391 279 4458 est;
301 4387 324 4442 si
343 4387 378 4442 de
398 4388 512 4442 absente
530 4386 648 4453 dicatur,
668 4384 758 4438 mines
774 4399 861 4454 quam
877 4381 988 4438 mitum
1003 4381 1067 4436 est’.
