<?xml version="1.0" encoding="UTF-8"?>
<!DOCTYPE html PUBLIC "-//W3C//DTD XHTML 1.0 Transitional//EN"
    "http://www.w3.org/TR/xhtml1/DTD/xhtml1-transitional.dtd">
<html xmlns="http://www.w3.org/1999/xhtml" xml:lang="en" lang="en">
 <head>
  <title>
</title>
<meta http-equiv="Content-Type" content="text/html;charset=utf-8" />
  <meta name='ocr-system' content='tesseract 3.04.00' />
  <meta name='ocr-capabilities' content='ocr_page ocr_carea ocr_par ocr_line ocrx_word'/>
</head>
<body>
  <div class='ocr_page' id='page_1' title='image "./demterentivarro00wilmgoog_0134.png"; bbox 0 0 3126 5146; ppageno 0'>
   <div class='ocr_carea' id='block_1_1' title="bbox 726 491 782 550">
    <p class='ocr_par' dir='ltr' id='par_1_1' title="bbox 726 491 782 550">
     <span class='ocr_line' id='line_1_1' title="bbox 726 491 782 550; baseline 0 0"><span class='ocrx_word' id='word_1_1' title='bbox 726 491 782 550; x_wconf 83' lang='lat'><strong>121</strong></span> 
     </span>
    </p>
   </div>
   <div class='ocr_carea' id='block_1_2' title="bbox 174 645 1304 4472">
    <p class='ocr_par' dir='ltr' id='par_1_2' title="bbox 174 645 1302 1088">
     <span class='ocr_line' id='line_1_2' title="bbox 174 645 1302 758; baseline -0.003 -22"><span class='ocrx_word' id='word_1_2' title='bbox 174 645 183 656; x_wconf 45' lang='lat'><strong>¹</strong></span> <span class='ocrx_word' id='word_1_3' title='bbox 205 671 309 736; x_wconf 83' lang='lat' dir='ltr'><strong>coisse</strong></span> <span class='ocrx_word' id='word_1_4' title='bbox 331 663 506 758; x_wconf 88' lang='lat' dir='ltr'><strong>Pompeius</strong></span> <span class='ocrx_word' id='word_1_5' title='bbox 528 669 583 754; x_wconf 83' lang='lat' dir='ltr'><strong>(fr.</strong></span> <span class='ocrx_word' id='word_1_6' title='bbox 599 669 672 755; x_wconf 85' lang='lat'>104)</span> <span class='ocrx_word' id='word_1_7' title='bbox 695 667 801 734; x_wconf 90' lang='lat' dir='ltr'><strong>docet.</strong></span> <span class='ocrx_word' id='word_1_8' title='bbox 824 665 899 734; x_wconf 85' lang='lat' dir='ltr'><strong>nain</strong></span> <span class='ocrx_word' id='word_1_9' title='bbox 918 668 1003 734; x_wconf 89' lang='lat' dir='ltr'><strong>haec</strong></span> <span class='ocrx_word' id='word_1_10' title='bbox 1022 668 1101 755; x_wconf 89' lang='lat' dir='ltr'><strong>quin</strong></span> <span class='ocrx_word' id='word_1_11' title='bbox 1123 689 1167 733; x_wconf 86' lang='lat' dir='ltr'><strong>ex</strong></span> <span class='ocrx_word' id='word_1_12' title='bbox 1186 667 1302 734; x_wconf 89' lang='lat' dir='ltr'><strong>eodem</strong></span> 
     </span>
     <span class='ocr_line' id='line_1_3' title="bbox 203 771 1301 864; baseline -0.003 -19"><span class='ocrx_word' id='word_1_13' title='bbox 203 779 294 845; x_wconf 78' lang='lat' dir='ltr'><strong>fonte</strong></span> <span class='ocrx_word' id='word_1_14' title='bbox 315 771 476 844; x_wconf 80' lang='lat' dir='ltr'><strong>fluxerint</strong></span> <span class='ocrx_word' id='word_1_15' title='bbox 492 786 589 863; x_wconf 83' lang='lat' dir='ltr'><strong>etque</strong></span> <span class='ocrx_word' id='word_1_16' title='bbox 612 797 748 864; x_wconf 87' lang='lat' dir='ltr'><strong>eaquae</strong></span> <span class='ocrx_word' id='word_1_17' title='bbox 766 777 808 843; x_wconf 90' lang='lat' dir='ltr'><strong>de</strong></span> <span class='ocrx_word' id='word_1_18' title='bbox 829 797 964 843; x_wconf 86' lang='lat' dir='ltr'><strong>numero</strong></span> <span class='ocrx_word' id='word_1_19' title='bbox 990 777 1171 843; x_wconf 84' lang='lat' dir='ltr'><strong>litterarum</strong></span> <span class='ocrx_word' id='word_1_20' title='bbox 1189 798 1301 843; x_wconf 89' lang='lat' dir='ltr'><strong>secun·</strong></span> 
     </span>
     <span class='ocr_line' id='line_1_4' title="bbox 204 887 1302 975; baseline -0.004 -20"><span class='ocrx_word' id='word_1_21' title='bbox 204 899 258 956; x_wconf 92' lang='lat' dir='ltr'><strong>tur</strong></span> <span class='ocrx_word' id='word_1_22' title='bbox 276 889 345 954; x_wconf 92' lang='lat' dir='ltr'><strong>noli</strong></span> <span class='ocrx_word' id='word_1_23' title='bbox 366 887 525 973; x_wconf 86' lang='lat' dir='ltr'><strong>dubitare,</strong></span> <span class='ocrx_word' id='word_1_24' title='bbox 547 911 621 954; x_wconf 91' lang='lat' dir='ltr'><strong>oum</strong></span> <span class='ocrx_word' id='word_1_25' title='bbox 650 909 691 953; x_wconf 86' lang='lat' dir='ltr'><strong>ex</strong></span> <span class='ocrx_word' id='word_1_26' title='bbox 713 887 809 954; x_wconf 90' lang='lat' dir='ltr'><strong>Liuio</strong></span> <span class='ocrx_word' id='word_1_27' title='bbox 833 908 930 974; x_wconf 90' lang='lat' dir='ltr'><strong>quem</strong></span> <span class='ocrx_word' id='word_1_28' title='bbox 951 888 1082 975; x_wconf 78' lang='lat' dir='ltr'><strong>profert</strong></span> <span class='ocrx_word' id='word_1_29' title='bbox 1103 895 1209 952; x_wconf 83' lang='lat' dir='ltr'><strong>sumta</strong></span> <span class='ocrx_word' id='word_1_30' title='bbox 1231 907 1302 953; x_wconf 84' lang='lat' dir='ltr'><strong>esse</strong></span> 
     </span>
     <span class='ocr_line' id='line_1_5' title="bbox 205 999 428 1088; baseline -0.004 -24"><span class='ocrx_word' id='word_1_31' title='bbox 205 1021 271 1065; x_wconf 90' lang='lat' dir='ltr'><strong>non</strong></span> <span class='ocrx_word' id='word_1_32' title='bbox 292 999 428 1088; x_wconf 81' lang='lat' dir='ltr'><strong>possint.</strong></span> 
     </span>
    </p>

    <p class='ocr_par' dir='ltr' id='par_1_3' title="bbox 187 1095 1304 4472">
     <span class='ocr_line' id='line_1_6' title="bbox 223 1095 1304 1197; baseline -0.002 -23"><span class='ocrx_word' id='word_1_33' title='bbox 223 1095 227 1102; x_wconf 54' lang='grc'>’</span> <span class='ocrx_word' id='word_1_34' title='bbox 296 1107 472 1174; x_wconf 85' lang='lat' dir='ltr'><strong>Praeterea</strong></span> <span class='ocrx_word' id='word_1_35' title='bbox 492 1117 576 1174; x_wconf 90' lang='lat' dir='ltr'><strong>toste</strong></span> <span class='ocrx_word' id='word_1_36' title='bbox 598 1107 756 1197; x_wconf 88' lang='lat' dir='ltr'><strong>Pompeio</strong></span> <span class='ocrx_word' id='word_1_37' title='bbox 781 1105 827 1194; x_wconf 87' lang='lat' dir='ltr'><strong>(p.</strong></span> <span class='ocrx_word' id='word_1_38' title='bbox 840 1106 875 1192; x_wconf 88' lang='lat'><strong>9)</strong></span> <span class='ocrx_word' id='word_1_39' title='bbox 897 1103 1171 1194; x_wconf 79' lang='lat' dir='ltr'><strong>exposuit&#39;Vsrro</strong></span> <span class='ocrx_word' id='word_1_40' title='bbox 1193 1127 1246 1172; x_wconf 84' lang='lat' dir='ltr'><strong>eur</strong></span> <span class='ocrx_word' id='word_1_41' title='bbox 1262 1115 1304 1172; x_wconf 86' lang='lat' dir='ltr'><strong>tot</strong></span> 
     </span>
     <span class='ocr_line' id='line_1_7' title="bbox 201 1221 1303 1298; baseline -0.004 -14"><span class='ocrx_word' id='word_1_42' title='bbox 201 1226 262 1284; x_wconf 79' lang='lat' dir='ltr'><strong>siat</strong></span> <span class='ocrx_word' id='word_1_43' title='bbox 281 1223 396 1284; x_wconf 73' lang='lat' dir='ltr'><strong>litterae</strong></span> <span class='ocrx_word' id='word_1_44' title='bbox 423 1227 450 1282; x_wconf 86' lang='lat' dir='ltr'><strong>et</strong></span> <span class='ocrx_word' id='word_1_45' title='bbox 473 1239 567 1298; x_wconf 80' lang='lat' dir='ltr'><strong>quare</strong></span> <span class='ocrx_word' id='word_1_46' title='bbox 589 1241 621 1282; x_wconf 87' lang='lat' dir='ltr'><strong>eo</strong></span> <span class='ocrx_word' id='word_1_47' title='bbox 643 1223 747 1282; x_wconf 80' lang='lat' dir='ltr'><strong>ordine</strong></span> <span class='ocrx_word' id='word_1_48' title='bbox 765 1223 880 1297; x_wconf 75' lang='lat' dir='ltr'><strong><em>positae</em></strong></span> <span class='ocrx_word' id='word_1_49' title='bbox 901 1225 929 1281; x_wconf 85' lang='lat' dir='ltr'><strong>et</strong></span> <span class='ocrx_word' id='word_1_50' title='bbox 950 1238 1003 1281; x_wconf 82' lang='lat' dir='ltr'><strong>eur</strong></span> <span class='ocrx_word' id='word_1_51' title='bbox 1026 1222 1119 1281; x_wconf 80' lang='lat' dir='ltr'><strong>isdem</strong></span> <span class='ocrx_word' id='word_1_52' title='bbox 1137 1221 1303 1281; x_wconf 65' lang='lat' dir='ltr'><strong>mathus</strong></span> 
     </span>
     <span class='ocr_line' id='line_1_8' title="bbox 201 1321 1300 1410; baseline -0.005 -18"><span class='ocrx_word' id='word_1_53' title='bbox 201 1336 349 1392; x_wconf 76' lang='lat' dir='ltr'><strong>nocentur.</strong></span> <span class='ocrx_word' id='word_1_54' title='bbox 373 1324 549 1410; x_wconf 87' lang='lat' dir='ltr'><strong>antiquitus</strong></span> <span class='ocrx_word' id='word_1_55' title='bbox 569 1323 695 1390; x_wconf 81' lang='lat' dir='ltr'><strong>litteras</strong></span> <span class='ocrx_word' id='word_1_56' title='bbox 717 1323 834 1389; x_wconf 90' lang='lat' dir='ltr'><strong>latinas</strong></span> <span class='ocrx_word' id='word_1_57' title='bbox 855 1321 998 1390; x_wconf 81' lang='lat' dir='ltr'><strong>sedecim</strong></span> <span class='ocrx_word' id='word_1_58' title='bbox 1014 1321 1114 1387; x_wconf 88' lang='lat' dir='ltr'><strong>fuisse</strong></span> <span class='ocrx_word' id='word_1_59' title='bbox 1137 1321 1300 1388; x_wconf 84' lang='lat' dir='ltr'><strong>existima·</strong></span> 
     </span>
     <span class='ocr_line' id='line_1_9' title="bbox 201 1430 1300 1522; baseline -0.004 -22"><span class='ocrx_word' id='word_1_60' title='bbox 201 1435 249 1500; x_wconf 90' lang='lat' dir='ltr'><strong>uit</strong></span> <span class='ocrx_word' id='word_1_61' title='bbox 272 1434 325 1519; x_wconf 74' lang='lat' dir='ltr'><strong>(fr.</strong></span> <span class='ocrx_word' id='word_1_62' title='bbox 345 1435 420 1521; x_wconf 87' lang='grc'>104)</span> <span class='ocrx_word' id='word_1_63' title='bbox 444 1435 645 1522; x_wconf 89' lang='lat' dir='ltr'><strong>totidemque</strong></span> <span class='ocrx_word' id='word_1_64' title='bbox 676 1457 750 1500; x_wconf 90' lang='lat' dir='ltr'><strong>suas</strong></span> <span class='ocrx_word' id='word_1_65' title='bbox 774 1430 1012 1521; x_wconf 88' lang='lat' dir='ltr'><strong>antiquissimas</strong></span> <span class='ocrx_word' id='word_1_66' title='bbox 1038 1430 1185 1500; x_wconf 84' lang='lat' dir='ltr'><strong>Graecos</strong></span> <span class='ocrx_word' id='word_1_67' title='bbox 1210 1439 1300 1520; x_wconf 84' lang='lat' dir='ltr'><strong>puta-</strong></span> 
     </span>
     <span class='ocr_line' id='line_1_10' title="bbox 200 1533 1300 1632; baseline -0.002 -24"><span class='ocrx_word' id='word_1_68' title='bbox 200 1543 287 1610; x_wconf 90' lang='lat' dir='ltr'><strong>uisse</strong></span> <span class='ocrx_word' id='word_1_69' title='bbox 310 1566 408 1632; x_wconf 87' lang='lat' dir='ltr'><strong>supra</strong></span> <span class='ocrx_word' id='word_1_70' title='bbox 437 1544 516 1610; x_wconf 83' lang='lat' dir='ltr'><strong>dixi.</strong></span> <span class='ocrx_word' id='word_1_71' title='bbox 557 1533 629 1610; x_wconf 83' lang='lat' dir='ltr'><strong>cum</strong></span> <span class='ocrx_word' id='word_1_72' title='bbox 649 1565 729 1610; x_wconf 90' lang='lat' dir='ltr'><strong>uero</strong></span> <span class='ocrx_word' id='word_1_73' title='bbox 749 1566 812 1610; x_wconf 88' lang='lat' dir='ltr'><strong>neo</strong></span> <span class='ocrx_word' id='word_1_74' title='bbox 836 1563 975 1630; x_wconf 78' lang='lat' dir='ltr'><strong>graecae</strong></span> <span class='ocrx_word' id='word_1_75' title='bbox 1007 1541 1134 1608; x_wconf 79' lang='lat' dir='ltr'><strong>litterae</strong></span> <span class='ocrx_word' id='word_1_76' title='bbox 1157 1547 1300 1627; x_wconf 84' lang='lat' dir='ltr'><strong>unquam</strong></span> 
     </span>
     <span class='ocr_line' id='line_1_11' title="bbox 202 1651 1299 1743; baseline -0.003 -24"><span class='ocrx_word' id='word_1_77' title='bbox 202 1653 259 1738; x_wconf 87' lang='lat' dir='ltr'><strong>(cf.</strong></span> <span class='ocrx_word' id='word_1_78' title='bbox 281 1654 388 1722; x_wconf 81' lang='lat' dir='ltr'><strong>Franz</strong></span> <span class='ocrx_word' id='word_1_79' title='bbox 410 1654 432 1719; x_wconf 90' lang='lat' dir='ltr'><strong>l.</strong></span> <span class='ocrx_word' id='word_1_80' title='bbox 454 1654 476 1719; x_wconf 92' lang='lat' dir='ltr'><strong>l.</strong></span> <span class='ocrx_word' id='word_1_81' title='bbox 499 1677 530 1743; x_wconf 92' lang='lat' dir='ltr'><strong>p.</strong></span> <span class='ocrx_word' id='word_1_82' title='bbox 546 1654 598 1739; x_wconf 80' lang='lat'><strong>17)</strong></span> <span class='ocrx_word' id='word_1_83' title='bbox 621 1675 683 1721; x_wconf 88' lang='lat' dir='ltr'><strong>nee</strong></span> <span class='ocrx_word' id='word_1_84' title='bbox 704 1652 823 1718; x_wconf 86' lang='lat' dir='ltr'><strong>latinae</strong></span> <span class='ocrx_word' id='word_1_85' title='bbox 843 1651 899 1737; x_wconf 86' lang='lat' dir='ltr'><strong>(of.</strong></span> <span class='ocrx_word' id='word_1_86' title='bbox 921 1652 1027 1719; x_wconf 81' lang='lat' dir='ltr'><strong>Franz</strong></span> <span class='ocrx_word' id='word_1_87' title='bbox 1050 1651 1072 1718; x_wconf 92' lang='lat' dir='ltr'><strong>l.</strong></span> <span class='ocrx_word' id='word_1_88' title='bbox 1097 1651 1173 1740; x_wconf 61' lang='lat' dir='ltr'><strong>ljp.</strong></span> <span class='ocrx_word' id='word_1_89' title='bbox 1191 1651 1231 1716; x_wconf 75' lang='lat'><strong>27</strong></span> <span class='ocrx_word' id='word_1_90' title='bbox 1251 1673 1299 1736; x_wconf 88' lang='lat' dir='ltr'><strong>sq.</strong></span> 
     </span>
     <span class='ocr_line' id='line_1_12' title="bbox 201 1755 1299 1849; baseline -0.003 -20"><span class='ocrx_word' id='word_1_91' title='bbox 201 1757 261 1829; x_wconf 86' lang='lat' dir='ltr'><strong>Th.</strong></span> <span class='ocrx_word' id='word_1_92' title='bbox 278 1755 463 1830; x_wconf 82' lang='lat' dir='ltr'><strong>Mommsen</strong></span> <span class='ocrx_word' id='word_1_93' title='bbox 484 1763 648 1830; x_wconf 82' lang='lat' dir='ltr'><strong>anterital.</strong></span> <span class='ocrx_word' id='word_1_94' title='bbox 662 1761 737 1829; x_wconf 86' lang='lat' dir='ltr'><strong>dial.</strong></span> <span class='ocrx_word' id='word_1_95' title='bbox 750 1786 782 1849; x_wconf 90' lang='lat' dir='ltr'><strong>p.</strong></span> <span class='ocrx_word' id='word_1_96' title='bbox 795 1761 835 1828; x_wconf 83' lang='lat'><strong>33</strong></span> <span class='ocrx_word' id='word_1_97' title='bbox 847 1761 909 1847; x_wconf 88' lang='lat' dir='ltr'><strong>sq.)</strong></span> <span class='ocrx_word' id='word_1_98' title='bbox 932 1761 1077 1827; x_wconf 88' lang='lat' dir='ltr'><strong>sedecim</strong></span> <span class='ocrx_word' id='word_1_99' title='bbox 1098 1759 1219 1826; x_wconf 83' lang='lat' dir='ltr'><strong>luerint</strong></span> <span class='ocrx_word' id='word_1_100' title='bbox 1241 1759 1299 1826; x_wconf 88' lang='lat' dir='ltr'><strong>sed</strong></span> 
     </span>
     <span class='ocr_line' id='line_1_13' title="bbox 200 1869 1299 1961; baseline -0.005 -23"><span class='ocrx_word' id='word_1_101' title='bbox 200 1873 321 1961; x_wconf 87' lang='lat' dir='ltr'><strong>plures,</strong></span> <span class='ocrx_word' id='word_1_102' title='bbox 342 1872 448 1939; x_wconf 84' lang='lat' dir='ltr'><strong>inhac</strong></span> <span class='ocrx_word' id='word_1_103' title='bbox 462 1894 499 1940; x_wconf 88' lang='lat' dir='ltr'><strong>re</strong></span> <span class='ocrx_word' id='word_1_104' title='bbox 511 1872 593 1938; x_wconf 83' lang='lat' dir='ltr'><strong>faeta</strong></span> <span class='ocrx_word' id='word_1_105' title='bbox 605 1870 908 1960; x_wconf 90' lang='lat' dir='ltr'><strong>ignoraueruntuel</strong></span> <span class='ocrx_word' id='word_1_106' title='bbox 926 1871 1150 1955; x_wconf 82' lang='lat' dir='ltr'><strong>neglexerunt</strong></span> <span class='ocrx_word' id='word_1_107' title='bbox 1172 1878 1205 1935; x_wconf 89' lang='lat' dir='ltr'><strong>et</strong></span> <span class='ocrx_word' id='word_1_108' title='bbox 1217 1869 1299 1934; x_wconf 89' lang='lat' dir='ltr'><strong>ficti-</strong></span> 
     </span>
     <span class='ocr_line' id='line_1_14' title="bbox 200 1977 1299 2071; baseline -0.003 -24"><span class='ocrx_word' id='word_1_109' title='bbox 200 1981 283 2047; x_wconf 89' lang='lat' dir='ltr'><strong>eiam</strong></span> <span class='ocrx_word' id='word_1_110' title='bbox 292 1981 473 2047; x_wconf 82' lang='lat' dir='ltr'><strong>doctrinam</strong></span> <span class='ocrx_word' id='word_1_111' title='bbox 487 1981 693 2071; x_wconf 88' lang='lat' dir='ltr'><strong>protulerunt</strong></span> <span class='ocrx_word' id='word_1_112' title='bbox 705 1978 918 2067; x_wconf 85' lang='lat' dir='ltr'><strong>grammatici.</strong></span> <span class='ocrx_word' id='word_1_113' title='bbox 938 1977 1078 2044; x_wconf 89' lang='lat' dir='ltr'><strong>eundem</strong></span> <span class='ocrx_word' id='word_1_114' title='bbox 1091 1978 1299 2067; x_wconf 84' lang='lat' dir='ltr'><strong>quemVarro</strong></span> 
     </span>
     <span class='ocr_line' id='line_1_15' title="bbox 200 2079 1299 2176; baseline -0.004 -19"><span class='ocrx_word' id='word_1_115' title='bbox 200 2079 311 2157; x_wconf 80' lang='lat' dir='ltr'><strong>statuit</strong></span> <span class='ocrx_word' id='word_1_116' title='bbox 329 2090 511 2157; x_wconf 89' lang='lat' dir='ltr'><strong>litterarum</strong></span> <span class='ocrx_word' id='word_1_117' title='bbox 525 2113 697 2157; x_wconf 87' lang='lat' dir='ltr'><strong>numerum</strong></span> <span class='ocrx_word' id='word_1_118' title='bbox 712 2088 851 2176; x_wconf 82' lang='lat' dir='ltr'><strong>sumpsit</strong></span> <span class='ocrx_word' id='word_1_119' title='bbox 861 2086 1175 2154; x_wconf 83' lang='lat' dir='ltr'><strong>MariusVietorinus</strong></span> <span class='ocrx_word' id='word_1_120' title='bbox 1185 2087 1204 2153; x_wconf 94' lang='lat' dir='ltr'>I</span> <span class='ocrx_word' id='word_1_121' title='bbox 1214 2086 1299 2171; x_wconf 72' lang='lat'><strong>4,.95</strong></span> 
     </span>
     <span class='ocr_line' id='line_1_16' title="bbox 199 2200 1297 2289; baseline 0 -25"><span class='ocrx_word' id='word_1_122' title='bbox 199 2223 232 2288; x_wconf 90' lang='lat' dir='ltr'><strong>p.</strong></span> <span class='ocrx_word' id='word_1_123' title='bbox 244 2200 327 2268; x_wconf 77' lang='lat'>2468</span> <span class='ocrx_word' id='word_1_124' title='bbox 344 2224 386 2267; x_wconf 85' lang='lat' dir='ltr'><strong>ex</strong></span> <span class='ocrx_word' id='word_1_125' title='bbox 406 2201 570 2268; x_wconf 86' lang='lat' dir='ltr'><strong>historicis</strong></span> <span class='ocrx_word' id='word_1_126' title='bbox 587 2201 740 2289; x_wconf 87' lang='lat' dir='ltr'><strong>ipsasque</strong></span> <span class='ocrx_word' id='word_1_127' title='bbox 755 2202 880 2269; x_wconf 88' lang='lat' dir='ltr'><strong>litteras</strong></span> <span class='ocrx_word' id='word_1_128' title='bbox 895 2209 1073 2269; x_wconf 88' lang='lat' dir='ltr'><strong>enumerat.</strong></span> <span class='ocrx_word' id='word_1_129' title='bbox 1095 2221 1176 2287; x_wconf 82' lang='lat' dir='ltr'><strong>quos</strong></span> <span class='ocrx_word' id='word_1_130' title='bbox 1189 2207 1297 2265; x_wconf 80' lang='lat' dir='ltr'><strong>auoto-</strong></span> 
     </span>
     <span class='ocr_line' id='line_1_17' title="bbox 199 2307 1298 2400; baseline -0.003 -24"><span class='ocrx_word' id='word_1_131' title='bbox 199 2333 252 2376; x_wconf 84' lang='lat' dir='ltr'><strong>res</strong></span> <span class='ocrx_word' id='word_1_132' title='bbox 274 2334 347 2376; x_wconf 90' lang='lat' dir='ltr'><strong>cum</strong></span> <span class='ocrx_word' id='word_1_133' title='bbox 365 2310 461 2377; x_wconf 81' lang='lat' dir='ltr'><strong>facilc</strong></span> <span class='ocrx_word' id='word_1_134' title='bbox 483 2311 625 2378; x_wconf 90' lang='lat' dir='ltr'><strong>conicias</strong></span> <span class='ocrx_word' id='word_1_135' title='bbox 646 2311 735 2378; x_wconf 91' lang='lat' dir='ltr'><strong>idem</strong></span> <span class='ocrx_word' id='word_1_136' title='bbox 755 2323 853 2400; x_wconf 88' lang='lat' dir='ltr'><strong>atque</strong></span> <span class='ocrx_word' id='word_1_137' title='bbox 862 2313 1046 2379; x_wconf 87' lang='lat' dir='ltr'><strong>Varronem</strong></span> <span class='ocrx_word' id='word_1_138' title='bbox 1070 2309 1219 2377; x_wconf 86' lang='lat' dir='ltr'><strong>docuisse</strong></span> <span class='ocrx_word' id='word_1_139' title='bbox 1243 2307 1298 2374; x_wconf 89' lang='lat' dir='ltr'><strong>sd·</strong></span> 
     </span>
     <span class='ocr_line' id='line_1_18' title="bbox 200 2419 1296 2508; baseline -0.002 -24"><span class='ocrx_word' id='word_1_140' title='bbox 200 2419 339 2486; x_wconf 88' lang='lat' dir='ltr'><strong>scribam</strong></span> <span class='ocrx_word' id='word_1_141' title='bbox 354 2419 516 2486; x_wconf 88' lang='lat' dir='ltr'><strong>Victorini</strong></span> <span class='ocrx_word' id='word_1_142' title='bbox 539 2422 652 2506; x_wconf 85' lang='lat' dir='ltr'><strong>uerba,</strong></span> <span class='ocrx_word' id='word_1_143' title='bbox 675 2443 756 2506; x_wconf 91' lang='lat' dir='ltr'><strong>quae</strong></span> <span class='ocrx_word' id='word_1_144' title='bbox 779 2443 846 2488; x_wconf 91' lang='lat' dir='ltr'><strong>non</strong></span> <span class='ocrx_word' id='word_1_145' title='bbox 867 2421 986 2488; x_wconf 89' lang='lat' dir='ltr'><strong>leuiter</strong></span> <span class='ocrx_word' id='word_1_146' title='bbox 1009 2419 1205 2508; x_wconf 84' lang='lat' dir='ltr'><strong>interpolata</strong></span> <span class='ocrx_word' id='word_1_147' title='bbox 1227 2439 1296 2482; x_wconf 83' lang='lat' dir='ltr'><strong>rnu-</strong></span> 
     </span>
     <span class='ocr_line' id='line_1_19' title="bbox 199 2519 1295 2620; baseline -0.002 -26"><span class='ocrx_word' id='word_1_148' title='bbox 199 2526 291 2594; x_wconf 87' lang='lat' dir='ltr'><strong>tileta</strong></span> <span class='ocrx_word' id='word_1_149' title='bbox 314 2521 468 2617; x_wconf 71' lang='lat' dir='ltr'><strong>corrupta</strong></span> <span class='ocrx_word' id='word_1_150' title='bbox 489 2519 582 2596; x_wconf 84' lang='lat' dir='ltr'><strong>sunt:</strong></span> <span class='ocrx_word' id='word_1_151' title='bbox 606 2531 814 2620; x_wconf 86' lang='lat' dir='ltr'><strong>‘Repertorcs</strong></span> <span class='ocrx_word' id='word_1_152' title='bbox 831 2531 1012 2597; x_wconf 88' lang='lat' dir='ltr'><strong>litterarum</strong></span> <span class='ocrx_word' id='word_1_153' title='bbox 1037 2579 1128 2597; x_wconf 88' lang='grc'><strong>.....</strong></span> <span class='ocrx_word' id='word_1_154' title='bbox 1151 2527 1295 2596; x_wconf 83' lang='lat' dir='ltr'><strong>Cadmus</strong></span> 
     </span>
     <span class='ocr_line' id='line_1_20' title="bbox 199 2635 1297 2708; baseline -0.002 -4"><span class='ocrx_word' id='word_1_155' title='bbox 199 2661 242 2704; x_wconf 88' lang='lat' dir='ltr'><strong>ex</strong></span> <span class='ocrx_word' id='word_1_156' title='bbox 259 2635 480 2705; x_wconf 84' lang='lat' dir='ltr'><strong>Phoenice&#39;in</strong></span> <span class='ocrx_word' id='word_1_157' title='bbox 494 2639 668 2708; x_wconf 84' lang='lat' dir='ltr'><strong>Graeciam</strong></span> <span class='ocrx_word' id='word_1_158' title='bbox 691 2650 725 2705; x_wconf 91' lang='lat' dir='ltr'><strong>et</strong></span> <span class='ocrx_word' id='word_1_159' title='bbox 735 2641 891 2707; x_wconf 84' lang='lat' dir='ltr'><strong>Euander</strong></span> <span class='ocrx_word' id='word_1_160' title='bbox 913 2640 953 2706; x_wconf 89' lang='lat' dir='ltr'><strong>ad</strong></span> <span class='ocrx_word' id='word_1_161' title='bbox 978 2663 1037 2707; x_wconf 92' lang='lat' dir='ltr'><strong>nos</strong></span> <span class='ocrx_word' id='word_1_162' title='bbox 1060 2639 1297 2706; x_wconf 70' lang='lat' dir='ltr'><strong>manstulerunt</strong></span> 
     </span>
     <span class='ocr_line' id='line_1_21' title="bbox 198 2747 1296 2837; baseline -0.001 -25"><span class='ocrx_word' id='word_1_163' title='bbox 198 2747 730 2837; x_wconf 86' lang='lat' dir='ltr'><strong>abcdeiklmnopqrst</strong></span> <span class='ocrx_word' id='word_1_164' title='bbox 759 2749 886 2815; x_wconf 87' lang='lat' dir='ltr'><strong>litteras</strong></span> <span class='ocrx_word' id='word_1_165' title='bbox 909 2771 1044 2815; x_wconf 89' lang='lat' dir='ltr'><strong>numero</strong></span> <span class='ocrx_word' id='word_1_166' title='bbox 1065 2747 1159 2815; x_wconf 86' lang='lat' dir='ltr'><strong>XVI.</strong></span> <span class='ocrx_word' id='word_1_167' title='bbox 1182 2755 1296 2836; x_wconf 85' lang='lat' dir='ltr'><strong>postea</strong></span> 
     </span>
     <span class='ocr_line' id='line_1_22' title="bbox 200 2853 1295 2945; baseline 0.002 -25"><span class='ocrx_word' id='word_1_168' title='bbox 200 2853 353 2943; x_wconf 89' lang='lat' dir='ltr'><strong>quasdam</strong></span> <span class='ocrx_word' id='word_1_169' title='bbox 373 2857 581 2924; x_wconf 86' lang='lat' dir='ltr'><strong>aPalamede</strong></span> <span class='ocrx_word' id='word_1_170' title='bbox 606 2868 639 2922; x_wconf 90' lang='lat' dir='ltr'><strong>et</strong></span> <span class='ocrx_word' id='word_1_171' title='bbox 660 2859 739 2926; x_wconf 87' lang='lat' dir='ltr'><strong>alias</strong></span> <span class='ocrx_word' id='word_1_172' title='bbox 763 2857 965 2928; x_wconf 86' lang='lat' dir='ltr'><strong>aSimonide</strong></span> <span class='ocrx_word' id='word_1_173' title='bbox 980 2857 1124 2924; x_wconf 86' lang='lat' dir='ltr'><strong>adiectas</strong></span> <span class='ocrx_word' id='word_1_174' title='bbox 1140 2857 1295 2945; x_wconf 84' lang='lat' dir='ltr'><strong>implesse</strong></span> 
     </span>
     <span class='ocr_line' id='line_1_23' title="bbox 198 2955 1295 3056; baseline 0.001 -26"><span class='ocrx_word' id='word_1_175' title='bbox 198 2955 368 3031; x_wconf 83' lang='lat' dir='ltr'><strong>numerum</strong></span> <span class='ocrx_word' id='word_1_176' title='bbox 392 2967 531 3034; x_wconf 88' lang='lat' dir='ltr'>XXIIII</span> <span class='ocrx_word' id='word_1_177' title='bbox 552 2967 600 3050; x_wconf 89' lang='lat' dir='ltr'><strong>[in</strong></span> <span class='ocrx_word' id='word_1_178' title='bbox 622 2968 791 3034; x_wconf 89' lang='lat' dir='ltr'><strong>comoedia</strong></span> <span class='ocrx_word' id='word_1_179' title='bbox 812 2967 969 3056; x_wconf 87' lang='lat' dir='ltr'><strong>seriptum</strong></span> <span class='ocrx_word' id='word_1_180' title='bbox 995 2977 1065 3033; x_wconf 86' lang='lat' dir='ltr'><strong>erat</strong></span> <span class='ocrx_word' id='word_1_181' title='bbox 1089 2967 1214 3049; x_wconf 88' lang='lat' dir='ltr'><strong>ellum,·</strong></span> <span class='ocrx_word' id='word_1_182' title='bbox 1229 2986 1295 3031; x_wconf 90' lang='lat' dir='ltr'><strong>non</strong></span> 
     </span>
     <span class='ocr_line' id='line_1_24' title="bbox 196 3075 1294 3163; baseline 0 -23"><span class='ocrx_word' id='word_1_183' title='bbox 196 3081 286 3140; x_wconf 89' lang='lat' dir='ltr'><strong>recte</strong></span> <span class='ocrx_word' id='word_1_184' title='bbox 316 3097 376 3140; x_wconf 93' lang='lat' dir='ltr'><strong>uos</strong></span> <span class='ocrx_word' id='word_1_185' title='bbox 408 3075 531 3142; x_wconf 84' lang='lat' dir='ltr'><strong>fecistis</strong></span> <span class='ocrx_word' id='word_1_186' title='bbox 562 3076 666 3163; x_wconf 85' lang='lat' dir='ltr'><strong>illum,</strong></span> <span class='ocrx_word' id='word_1_187' title='bbox 700 3087 749 3142; x_wconf 89' lang='lat' dir='ltr'><strong>cst</strong></span> <span class='ocrx_word' id='word_1_188' title='bbox 779 3078 866 3144; x_wconf 89' lang='lat' dir='ltr'><strong>enim</strong></span> <span class='ocrx_word' id='word_1_189' title='bbox 898 3099 938 3143; x_wconf 90' lang='lat' dir='ltr'><strong>cn</strong></span> <span class='ocrx_word' id='word_1_190' title='bbox 961 3077 1065 3159; x_wconf 91' lang='lat' dir='ltr'><strong>illum]</strong></span> <span class='ocrx_word' id='word_1_191' title='bbox 1090 3075 1294 3163; x_wconf 87' lang='lat' dir='ltr'><strong>grammatici</strong></span> 
     </span>
     <span class='ocr_line' id='line_1_25' title="bbox 193 3184 1294 3270; baseline 0.003 -21"><span class='ocrx_word' id='word_1_192' title='bbox 193 3194 350 3264; x_wconf 81' lang='lat' dir='ltr'><strong>praetereo</strong></span> <span class='ocrx_word' id='word_1_193' title='bbox 378 3186 568 3253; x_wconf 88' lang='lat' dir='ltr'><strong>Demetrius</strong></span> <span class='ocrx_word' id='word_1_194' title='bbox 600 3186 789 3268; x_wconf 86' lang='lat' dir='ltr'><strong>Phalereus,</strong></span> <span class='ocrx_word' id='word_1_195' title='bbox 819 3187 1065 3270; x_wconf 85' lang='lat' dir='ltr'><strong>Hermocrates,</strong></span> <span class='ocrx_word' id='word_1_196' title='bbox 1100 3207 1142 3252; x_wconf 87' lang='lat' dir='ltr'><strong>ex</strong></span> <span class='ocrx_word' id='word_1_197' title='bbox 1174 3184 1294 3252; x_wconf 88' lang='lat' dir='ltr'><strong>uostris</strong></span> 
     </span>
     <span class='ocr_line' id='line_1_26' title="bbox 196 3292 1294 3381; baseline 0.002 -25"><span class='ocrx_word' id='word_1_198' title='bbox 196 3301 304 3357; x_wconf 89' lang='lat' dir='ltr'><strong>autem</strong></span> <span class='ocrx_word' id='word_1_199' title='bbox 329 3292 462 3360; x_wconf 83' lang='lat' dir='ltr'><strong>Cincius</strong></span> <span class='ocrx_word' id='word_1_200' title='bbox 486 3296 607 3363; x_wconf 81' lang='lat' dir='ltr'><strong>Fabius</strong></span> <span class='ocrx_word' id='word_1_201' title='bbox 629 3297 759 3365; x_wconf 81' lang='lat' dir='ltr'><strong>Gellius</strong></span> <span class='ocrx_word' id='word_1_202' title='bbox 778 3295 993 3363; x_wconf 87' lang='lat' dir='ltr'><strong>tradiderunt.</strong></span> <span class='ocrx_word' id='word_1_203' title='bbox 1017 3315 1060 3362; x_wconf 86' lang='lat' dir='ltr'><strong>ex</strong></span> <span class='ocrx_word' id='word_1_204' title='bbox 1082 3295 1198 3381; x_wconf 88' lang='lat' dir='ltr'><strong>quibus</strong></span> <span class='ocrx_word' id='word_1_205' title='bbox 1217 3292 1294 3361; x_wconf 90' lang='lat' dir='ltr'><strong>Cin·</strong></span> 
     </span>
     <span class='ocr_line' id='line_1_27' title="bbox 196 3402 1294 3493; baseline 0.001 -26"><span class='ocrx_word' id='word_1_206' title='bbox 196 3402 265 3469; x_wconf 88' lang='lat' dir='ltr'><strong>cius</strong></span> <span class='ocrx_word' id='word_1_207' title='bbox 294 3405 427 3493; x_wconf 89' lang='lat' dir='ltr'><strong>paucis,</strong></span> <span class='ocrx_word' id='word_1_208' title='bbox 460 3406 576 3492; x_wconf 84' lang='lat' dir='ltr'><strong>inquit,</strong></span> <span class='ocrx_word' id='word_1_209' title='bbox 605 3407 809 3472; x_wconf 86' lang='lat' dir='ltr'><strong>commutatis</strong></span> <span class='ocrx_word' id='word_1_210' title='bbox 837 3416 873 3472; x_wconf 92' lang='lat' dir='ltr'><strong>ut</strong></span> <span class='ocrx_word' id='word_1_211' title='bbox 902 3407 943 3471; x_wconf 88' lang='lat' dir='ltr'><strong>ad</strong></span> <span class='ocrx_word' id='word_1_212' title='bbox 972 3405 1119 3492; x_wconf 85' lang='lat' dir='ltr'><strong>linguam</strong></span> <span class='ocrx_word' id='word_1_213' title='bbox 1148 3413 1294 3471; x_wconf 84' lang='lat' dir='ltr'><strong>nostram</strong></span> 
     </span>
     <span class='ocr_line' id='line_1_28' title="bbox 193 3513 1292 3602; baseline 0.001 -23"><span class='ocrx_word' id='word_1_214' title='bbox 193 3521 392 3592; x_wconf 70' lang='lat' dir='ltr'><strong>reuenirent,</strong></span> <span class='ocrx_word' id='word_1_215' title='bbox 414 3535 467 3579; x_wconf 89' lang='lat' dir='ltr'><strong>eas</strong></span> <span class='ocrx_word' id='word_1_216' title='bbox 490 3537 629 3602; x_wconf 86' lang='lat' dir='ltr'><strong>namque</strong></span> <span class='ocrx_word' id='word_1_217' title='bbox 642 3515 786 3583; x_wconf 82' lang='lat' dir='ltr'><strong>Cadmus</strong></span> <span class='ocrx_word' id='word_1_218' title='bbox 803 3516 837 3580; x_wconf 91' lang='lat' dir='ltr'><strong>in</strong></span> <span class='ocrx_word' id='word_1_219' title='bbox 849 3514 1035 3599; x_wconf 86' lang='lat' dir='ltr'><strong>Graeciam,</strong></span> <span class='ocrx_word' id='word_1_220' title='bbox 1057 3513 1146 3580; x_wconf 90' lang='lat' dir='ltr'><strong>unde</strong></span> <span class='ocrx_word' id='word_1_221' title='bbox 1169 3513 1210 3579; x_wconf 89' lang='lat' dir='ltr'><strong>ad</strong></span> <span class='ocrx_word' id='word_1_222' title='bbox 1233 3535 1292 3580; x_wconf 90' lang='lat' dir='ltr'><strong>nos</strong></span> 
     </span>
     <span class='ocr_line' id='line_1_29' title="bbox 193 3618 1292 3713; baseline 0.003 -29"><span class='ocrx_word' id='word_1_223' title='bbox 193 3618 353 3686; x_wconf 82' lang='lat' dir='ltr'><strong>Euander</strong></span> <span class='ocrx_word' id='word_1_224' title='bbox 376 3623 602 3688; x_wconf 84' lang='lat' dir='ltr'><strong>transtulerat.</strong></span> <span class='ocrx_word' id='word_1_225' title='bbox 640 3647 713 3689; x_wconf 91' lang='lat' dir='ltr'><strong>cnm</strong></span> <span class='ocrx_word' id='word_1_226' title='bbox 736 3647 803 3689; x_wconf 89' lang='lat' dir='ltr'><strong>non</strong></span> <span class='ocrx_word' id='word_1_227' title='bbox 823 3633 1010 3713; x_wconf 87' lang='lat' dir='ltr'><strong>repertores</strong></span> <span class='ocrx_word' id='word_1_228' title='bbox 1033 3623 1214 3689; x_wconf 89' lang='lat' dir='ltr'><strong>litterarum</strong></span> <span class='ocrx_word' id='word_1_229' title='bbox 1234 3622 1292 3687; x_wconf 89' lang='lat' dir='ltr'><strong>sed</strong></span> 
     </span>
     <span class='ocr_line' id='line_1_30' title="bbox 193 3723 1292 3821; baseline 0.006 -29"><span class='ocrx_word' id='word_1_230' title='bbox 193 3723 318 3794; x_wconf 90' lang='lat' dir='ltr'><strong>litteras</strong></span> <span class='ocrx_word' id='word_1_231' title='bbox 342 3725 485 3796; x_wconf 89' lang='lat' dir='ltr'><strong>Cadmus</strong></span> <span class='ocrx_word' id='word_1_232' title='bbox 513 3729 548 3795; x_wconf 91' lang='lat' dir='ltr'><strong>in</strong></span> <span class='ocrx_word' id='word_1_233' title='bbox 578 3729 751 3798; x_wconf 85' lang='lat' dir='ltr'><strong>Graeciam</strong></span> <span class='ocrx_word' id='word_1_234' title='bbox 769 3731 986 3816; x_wconf 85' lang='lat' dir='ltr'><strong>transtulerit,</strong></span> <span class='ocrx_word' id='word_1_235' title='bbox 1019 3739 1094 3821; x_wconf 91' lang='lat' dir='ltr'><strong>post</strong></span> <span class='ocrx_word' id='word_1_236' title='bbox 1126 3733 1292 3798; x_wconf 74' lang='lat' dir='ltr'><strong>litterarum</strong></span> 
     </span>
     <span class='ocr_line' id='line_1_31' title="bbox 193 3835 1289 3930; baseline 0.003 -28"><span class='ocrx_word' id='word_1_237' title='bbox 193 3835 363 3902; x_wconf 89' lang='lat' dir='ltr'><strong>minimum</strong></span> <span class='ocrx_word' id='word_1_238' title='bbox 386 3844 535 3918; x_wconf 64' lang='lat' dir='ltr'><strong>waldam,</strong></span> <span class='ocrx_word' id='word_1_239' title='bbox 570 3841 657 3927; x_wconf 92' lang='lat' dir='ltr'><strong>quod</strong></span> <span class='ocrx_word' id='word_1_240' title='bbox 688 3851 824 3930; x_wconf 89' lang='lat' dir='ltr'><strong>propter</strong></span> <span class='ocrx_word' id='word_1_241' title='bbox 845 3840 1092 3907; x_wconf 89' lang='lat' dir='ltr'><strong>similitudinem</strong></span> <span class='ocrx_word' id='word_1_242' title='bbox 1124 3840 1289 3928; x_wconf 90' lang='lat' dir='ltr'><strong>sequentis</strong></span> 
     </span>
     <span class='ocr_line' id='line_1_32' title="bbox 193 3945 1290 4038; baseline 0.004 -28"><span class='ocrx_word' id='word_1_243' title='bbox 193 3945 286 4012; x_wconf 91' lang='lat' dir='ltr'><strong>uocis</strong></span> <span class='ocrx_word' id='word_1_244' title='bbox 309 3947 406 4013; x_wconf 86' lang='lat' dir='ltr'><strong>facile</strong></span> <span class='ocrx_word' id='word_1_245' title='bbox 438 3948 574 4035; x_wconf 84' lang='lat' dir='ltr'><strong>neglegi</strong></span> <span class='ocrx_word' id='word_1_246' title='bbox 605 3950 721 4036; x_wconf 89' lang='lat' dir='ltr'><strong>potuit,</strong></span> <span class='ocrx_word' id='word_1_247' title='bbox 754 3950 808 4016; x_wconf 92' lang='lat' dir='ltr'><strong>uel</strong></span> <span class='ocrx_word' id='word_1_248' title='bbox 828 3959 986 4018; x_wconf 76' lang='lat' dir='ltr'><strong>Phoenices</strong></span> <span class='ocrx_word' id='word_1_249' title='bbox 1007 3960 1092 4018; x_wconf 82' lang='lat' dir='ltr'><strong>erant</strong></span> <span class='ocrx_word' id='word_1_250' title='bbox 1112 3949 1174 4016; x_wconf 91' lang='lat' dir='ltr'><strong>nisi</strong></span> <span class='ocrx_word' id='word_1_251' title='bbox 1196 3948 1290 4038; x_wconf 86' lang='lat' dir='ltr'><strong>plura</strong></span> 
     </span>
     <span class='ocr_line' id='line_1_33' title="bbox 192 4053 1290 4145; baseline 0.003 -25"><span class='ocrx_word' id='word_1_252' title='bbox 192 4053 440 4121; x_wconf 87' lang='lat' dir='ltr'><strong>interciderunt.</strong></span> <span class='ocrx_word' id='word_1_253' title='bbox 467 4065 559 4123; x_wconf 89' lang='lat' dir='ltr'><strong>taceo</strong></span> <span class='ocrx_word' id='word_1_254' title='bbox 582 4057 623 4122; x_wconf 90' lang='lat' dir='ltr'><strong>do</strong></span> <span class='ocrx_word' id='word_1_255' title='bbox 645 4057 865 4126; x_wconf 86' lang='lat' dir='ltr'><strong>additamento</strong></span> <span class='ocrx_word' id='word_1_256' title='bbox 888 4059 979 4124; x_wconf 89' lang='lat' dir='ltr'><strong>uncis</strong></span> <span class='ocrx_word' id='word_1_257' title='bbox 1001 4058 1140 4144; x_wconf 84' lang='lat' dir='ltr'><strong>incluso,</strong></span> <span class='ocrx_word' id='word_1_258' title='bbox 1160 4057 1249 4145; x_wconf 91' lang='lat' dir='ltr'><strong>quod</strong></span> <span class='ocrx_word' id='word_1_259' title='bbox 1271 4083 1290 4123; x_wconf 89' lang='lat' dir='ltr'><strong>a</strong></span> 
     </span>
     <span class='ocr_line' id='line_1_34' title="bbox 194 4159 1290 4257; baseline 0.005 -29"><span class='ocrx_word' id='word_1_260' title='bbox 194 4159 393 4231; x_wconf 85' lang='lat' dir='ltr'><strong>Gaisfordio</strong></span> <span class='ocrx_word' id='word_1_261' title='bbox 406 4174 442 4229; x_wconf 92' lang='lat' dir='ltr'><strong>ut</strong></span> <span class='ocrx_word' id='word_1_262' title='bbox 463 4164 545 4231; x_wconf 86' lang='lat' dir='ltr'><strong>haec</strong></span> <span class='ocrx_word' id='word_1_263' title='bbox 569 4166 677 4232; x_wconf 89' lang='lat' dir='ltr'><strong>omnia</strong></span> <span class='ocrx_word' id='word_1_264' title='bbox 697 4169 783 4233; x_wconf 89' lang='lat' dir='ltr'><strong>bona</strong></span> <span class='ocrx_word' id='word_1_265' title='bbox 804 4168 870 4234; x_wconf 90' lang='lat' dir='ltr'><strong>fide</strong></span> <span class='ocrx_word' id='word_1_266' title='bbox 884 4169 1048 4257; x_wconf 86' lang='lat' dir='ltr'><strong>prolatum</strong></span> <span class='ocrx_word' id='word_1_267' title='bbox 1063 4167 1119 4250; x_wconf 87' lang='lat' dir='ltr'><strong>(of.</strong></span> <span class='ocrx_word' id='word_1_268' title='bbox 1132 4167 1176 4236; x_wconf 85' lang='lat' dir='ltr'><strong>M.</strong></span> <span class='ocrx_word' id='word_1_269' title='bbox 1188 4167 1290 4234; x_wconf 83' lang='lat' dir='ltr'><strong>Hertz</strong></span> 
     </span>
     <span class='ocr_line' id='line_1_35' title="bbox 195 4269 1287 4361; baseline 0.006 -27"><span class='ocrx_word' id='word_1_270' title='bbox 195 4269 360 4338; x_wconf 89' lang='lat' dir='ltr'><strong>deLuciis</strong></span> <span class='ocrx_word' id='word_1_271' title='bbox 374 4271 497 4340; x_wconf 86' lang='lat' dir='ltr'><strong>Cinciis</strong></span> <span class='ocrx_word' id='word_1_272' title='bbox 508 4296 540 4361; x_wconf 91' lang='lat' dir='ltr'><strong>p.</strong></span> <span class='ocrx_word' id='word_1_273' title='bbox 552 4275 606 4356; x_wconf 78' lang='lat'><strong>59)</strong></span> <span class='ocrx_word' id='word_1_274' title='bbox 626 4276 771 4343; x_wconf 87' lang='lat' dir='ltr'><strong>medium</strong></span> <span class='ocrx_word' id='word_1_275' title='bbox 792 4278 995 4344; x_wconf 90' lang='lat' dir='ltr'><strong>enuntiatum</strong></span> <span class='ocrx_word' id='word_1_276' title='bbox 1018 4277 1167 4344; x_wconf 87' lang='lat' dir='ltr'><strong>dissecat.</strong></span> <span class='ocrx_word' id='word_1_277' title='bbox 1190 4276 1287 4344; x_wconf 83' lang='lat' dir='ltr'><strong>etiam</strong></span> 
     </span>
     <span class='ocr_line' id='line_1_36' title="bbox 187 4382 1286 4472; baseline 0.006 -27"><span class='ocrx_word' id='word_1_278' title='bbox 187 4391 347 4460; x_wconf 75' lang='lat' dir='ltr'><strong>praetereo</strong></span> <span class='ocrx_word' id='word_1_279' title='bbox 377 4391 433 4448; x_wconf 88' lang='lat' dir='ltr'><strong>aut</strong></span> <span class='ocrx_word' id='word_1_280' title='bbox 461 4382 645 4450; x_wconf 90' lang='lat' dir='ltr'><strong>eiciendum</strong></span> <span class='ocrx_word' id='word_1_281' title='bbox 678 4394 734 4451; x_wconf 92' lang='lat' dir='ltr'><strong>aut</strong></span> <span class='ocrx_word' id='word_1_282' title='bbox 768 4387 946 4472; x_wconf 89' lang='lat' dir='ltr'><strong>uestigium</strong></span> <span class='ocrx_word' id='word_1_283' title='bbox 978 4396 1028 4454; x_wconf 87' lang='lat' dir='ltr'><strong>est</strong></span> <span class='ocrx_word' id='word_1_284' title='bbox 1058 4386 1286 4452; x_wconf 89' lang='lat' dir='ltr'><strong>historicorum</strong></span> 
     </span>
    </p>
   </div>
   <div class='ocr_carea' id='block_1_3' title="bbox 0 0 1568 5146">
    <p class='ocr_par' dir='ltr' id='par_1_4' title="bbox 0 0 1568 5146">
     <span class='ocr_line' id='line_1_37' title="bbox 0 0 1568 5146; baseline 0 3"><span class='ocrx_word' id='word_1_285' title='bbox 0 0 1568 5146; x_wconf 95' lang='lat' dir='ltr'><strong> </strong></span> 
     </span>
    </p>
   </div>
  </div>
 </body>
</html>
