3126 5146
771 459 809 537 'so

238 661 313 726 loco
340 658 497 747 quaedam
518 657 558 722 de
582 662 681 724 Ortona
696 665 728 720 et
741 662 870 740 Oltloae,
892 655 934 722 do
952 663 1116 722 conmutato
1137 663 1170 719 et
1191 661 1339 722 eoorttlms

240 766 419 854 coniunxit,
428 787 509 853 quae
522 765 629 832 omnia
639 775 811 832 recurrunt
821 763 922 831 altero
931 765 1037 851 Longi
1050 764 1122 831 lo'oo
1133 786 1166 852 p.
1174 765 1268 849 2229,
1280 763 1336 828 ubi

242 875 470 944 demultornm
494 875 670 940 uerborum
692 874 800 961 agitur
819 870 1047 962 adspiratione.
1073 875 1114 939 de
1135 882 1248 942 turano
1267 872 1340 959 ipse

241 987 357 1051 Velius
379 985 539 1050 Varronis
564 983 688 1071 profert
718 983 942 1048 auctoritatem
967 981 1024 1068 (cf.
1050 982 1144 1051 Seru.
1166 981 1207 1045 ad
1234 982 1337 1066 Vcrg.

243 1095 328 1161 Aen.
351 1093 443 1159 1122
457 1093 513 1178 1)),
537 1103 666 1181 practer
686 1102 837 1160 aedanum
859 1103 891 1158 et
909 1103 1073 1175 prehensus
1093 1093 1189 1157 ctiam
1211 1097 1341 1158 Pulcher

242 1214 276 1270 et
295 1209 448 1271 (ermolaus
468 1203 611 1271 Scaurus
633 1202 655 1269 l.
669 1225 695 1268 s.
711 1223 747 1284 a,
780 1211 909 1270 Pulcher
929 1209 1081 1270 &moedus
1101 1209 1203 1268 lutus
1225 1199 1339 1267 Chari-

243 1311 344 1392 sius²)
366 1336 396 1401 p.
411 1307 461 1378 73.
476 1311 516 1377 82
538 1317 704 1398 tamqnam
724 1311 929 1377 Varroniano
951 1320 1092 1376 tuentur.
1134 1307 1340 1375 confidenter

243 1419 345 1508 igitur
382 1417 467 1485 hanc
506 1419 691 1486 uniuersam
727 1421 978 1508 disputationem
1007 1419 1149 1485 Varroni
1181 1419 1342 1501 adscribo‚·

243 1549 311 1595 non
330 1528 463 1618 quidem
486 1529 658 1601 arbitratus
686 1527 839 1618 Longum
874 1553 949 1596 eum
979 1529 1013 1596 in
1042 1529 1179 1614 singulis
1210 1547 1341 1614 semper

243 1648 391 1704 secutum
404 1659 486 1722 esse,
505 1637 563 1703 sed
578 1638 684 1704 omnia
698 1639 779 1704 haec
799 1637 960 1706 uocabula
982 1663 1047 1706 uno
1074 1639 1256 1724 eodemque
1268 1637 1342 1702 loeo

244 1756 380 1814 tractata
401 1747 586 1836 repperisse
608 1757 641 1812 ct
662 1747 740 1812 inde
761 1748 975 1814 transtulisse.
1014 1758 1111 1835 atque
1133 1747 1174 1812 de
1196 1745 1341 1832 singulo·

244 1877 318 1923 rum
336 1856 575 1923 uocabulorum
596 1856 813 1945 adspiratione
833 1856 1028 1944 plerumque
1042 1855 1198 1922 Varronis
1211 1863 1341 1922 senten-

245 1965 324 2033 tiam
345 1965 483 2052 accepit,
514 1961 680 2030 interdum
702 1987 795 2030 suum
820 1964 975 2030 iudicium
998 1965 1110 2030 edixit.
1155 1965 1196 2029 de
1221 1986 1287 2050 qua
1306 1983 1343 2028 re

245 2073 332 2139 infra
351 2069 534 2138 accuratius
552 2072 665 2138 dicam.
689 2073 861 2138 Terentius
882 2094 961 2138 noro
980 2071 1163 2154 Scaurus³)
1187 2093 1255 2137 non
1279 2071 1343 2138 illis

245 2191 371 2247 tanturn
393 2182 474 2248 locis
498 2199 570 2247 cum
592 2181 688 2248 Velio
712 2184 865 2268 congruit
884 2183 941 2248 sed
962 2182 1144 2269 permultis,
1177 2203 1195 2246 e
1226 2181 1342 2267 quibus

246 2286 452 2356 Varroniano
468 2289 592 2376 eligere
611 2287 688 2357 satis
708 2289 822 2357 habeo.
845 2291 987 2362 Scaurus
1000 2290 1101 2356 tradit
1113 2313 1145 2378 p.
1157 2287 1343 2374 trouver-

247 2445 447 2464 »dna—...n-

278 2528 283 2553 ι
323 2545 326 2556 ’
347 2550 373 2620 1)
394 2544 461 2606 Cum
480 2568 547 2605 uero
567 2569 581 2604 e
601 2567 736 2605 consensu
753 2549 834 2604 huius
852 2546 907 2605 loci
927 2549 1054 2605 Seruiani
1072 2567 1135 2606 cum
1144 2547 1223 2606 Velio
1238 2549 1343 2620 Longo,

247 2663 262 2702 e
281 2657 334 2718 qno
354 2645 435 2702 simul
456 2642 572 2718 adparet
589 2643 699 2702 Veliam
716 2660 775 2701 non
795 2647 835 2700 ita
854 2651 983 2702 accurate
994 2645 1127 2702 Varronis
1145 2647 1233 2700 narba
1253 2643 1344 2701 reddi·

246 2741 328 2812 disse,
348 2748 478 2812 sequatur
498 2743 633 2811 Seruium,
659 2743 706 2813 qni
725 2725 812 2798 libros
838 2747 950 2797 nostros
972 2743 1135 2798 nominatim
1162 2757 1218 2796 non
1244 2742 1343 2810 adfert,

246 2841 342 2894 cosin
357 2856 437 2894 usurn
457 2855 537 2895 suurn
556 2839 738 2909 conuertisse⁷
757 2841 793 2894 ad
813 2841 964 2895 eorundem
982 2837 1085 2895 librum
1109 2841 1236 2911 quintum
1253 2840 1344 2895 refero

245 2936 301 2990 dno
324 2935 482 3006 fragmenta
508 2938 583 3008 apud
607 2937 735 2992 Seruium
758 2937 794 2990 ad
813 2937 895 3007 Verg.
914 2937 984 2992 Aen.
1005 2937 1082 2992 VIIII
1098 2937 1150 3003 194
1178 2937 1223 3006 (fr.
1242 2937 1286 3005 86)
1315 2939 1344 2996 at

245 3032 321 3088 1595
332 3033 378 3104 (fr.
388 3034 443 3102 89),
462 3052 532 3104 quac
549 3051 685 3104 perquam
697 3036 775 3090 .bcne
794 3053 858 3088 eum
876 3051 908 3089 eo
931 3039 1096 3104 congruunt
1115 3036 1234 3089 alterum
1245 3033 1288 3104 (fr.
1297 3033 1342 3102 89)

245 3129 438 3198 neglegentius
458 3129 589 3184 aSeruio
609 3130 766 3200 excriptum
792 3147 852 3184 esse
880 3134 1033 3199 conparata
1052 3129 1165 3184 Suetoni
1193 3133 1222 3183 et
1243 3128 1344 3183 isidori

246 3225 398 3280 eorundem
415 3227 565 3280 uerborum
583 3226 768 3295 explicatione
787 3243 869 3295 quam
886 3223 991 3280 subieci
1009 3224 1090 3280 facile
1109 3225 1269 3294 intelleges„

345 3317 372 3389 2)
393 3319 461 3375 Cum
478 3337 544 3375 uero
564 3319 593 3374 in
611 3319 718 3375 Charisi
736 3321 815 3374 libris
833 3325 945 3390 practer
962 3320 1084 3390 singulas
1101 3319 1238 3376 librorum
1255 3322 1290 3375 de
1307 3322 1341 3376 si-

247 3415 403 3471 militudine
422 3417 571 3472 uerborum
586 3422 614 3472 et
632 3414 755 3472 utilitate
774 3417 909 3472 sermonis
928 3415 1083 3473 mentiones
1101 3419 1213 3472 nonnisi
1226 3419 1292 3473 libri
1308 3419 1343 3474 de

245 3513 341 3583 lingua
361 3513 450 3568 latina
467 3521 496 3568 et
513 3515 548 3568 de
566 3531 692 3569 sermone
712 3515 799 3569 latino
819 3514 1005 3583 nominentur,
1034 3515 1086 3570 hac
1111 3533 1222 3585 quoque
1245 3533 1275 3570 rc
1296 3515 1345 3569 illa

247 3623 281 3665 ex
301 3610 344 3664 his
364 3614 475 3680 sumpta
492 3623 552 3665 esse
571 3611 774 3680 quodammodo
795 3609 983 3664 confirmatur.

347 3705 376 3776 3)
394 3706 488 3762 Etiam
506 3708 536 3762 in
553 3706 697 3778 principiis
709 3708 828 3764 Scaurus
848 3725 910 3762 cum
917 3707 1041 3764 Varrone
1060 3706 1201 3762 consentit
1218 3725 1245 3778 p.
1260 3707 1344 3764 2251:

249 3803 440 3872 ‘recorrigitur
467 3818 535 3858 nero
558 3805 708 3868 (scribendi
732 3805 816 3872 ratio)
840 3805 945 3874 regulis
971 3803 1075 3858 tribus:
1106 3804 1231 3873 historia,
1261 3803 1343 3875 origi·

246 3899 359 3954 natione
377 3917 459 3970 quam
478 3902 573 3970 graeci
584 3903 766 3974 ἔτυμολογίαν
785 3902 936 3972 appellant,
955 3901 1136 3972 proportione
1154 3917 1225 3969 quae
1244 3918 1343 3974 graece

247 3991 379 4066 ἀναλογία
405 3996 525 4050 dieitur’.
564 3997 681 4052 historia
708 3997 818 4065 quaerit
844 3997 911 4066 quid
939 3997 1089 4051 auctoritas
1115 4001 1241 4052 ueterum
1270 4017 1343 4054 com-

248 4091 361 4144 mendet
386 4097 416 4146 et
443 4089 611 4162 etymologia
637 4098 767 4146 naturam
791 4089 991 4146 uocabulorum
1020 4092 1153 4163 indagare
1182 4075 1285 4163 studet,
1312 4098 1344 4147 ut

247 4191 336 4240 artem
362 4188 403 4242 rei
425 4189 455 4242 in
478 4207 532 4259 qna
551 4189 672 4244 uertitur
698 4188 882 4244 substituerit.
920 4189 1092 4246 consuetudo
1111 4193 1220 4244 tantum
1237 4190 1343 4244 deside·

246 4287 334 4337 ratur.
372 4295 458 4354 praue
485 4285 713 4355 orthographiam
737 4287 893 4357 analogiam
913 4292 1055 4356 nuncupat
1071 4287 1140 4340 Mar.
1160 4273 1230 4342 Vict.
1250 4287 1262 4339 Ι
1280 4286 1306 4353 4,
1327 4285 1342 4339 1

247 4377 354 4451 p.24ssb
364 4379 395 4434 P.
