3140 5148
815 482 873 540 186

249 663 286 727 59
380 658 421 725 In
443 665 578 722 accentu
601 658 737 724 materia
759 659 851 724 loeus
876 668 909 724 et
936 668 1051 726 natura
1070 656 1245 746 prosodiae
1265 655 1390 723 breuis·

295 766 375 832 sime
398 768 642 856 conpraehensa
666 777 749 835 sunt.
771 791 845 834 nam
867 769 1004 835 materia
1025 790 1096 834 esse
1119 767 1302 833 ostenditur
1323 789 1391 832 vox

296 884 329 940 et
351 897 388 940 ea
410 875 551 962 quidem,
574 899 637 962 qua
665 879 767 946 uerba
789 886 925 966 possunt
945 899 1073 962 sonare,
1096 877 1131 942 id
1153 885 1202 941 est
1225 874 1390 965 scriptilis.

294 985 387 1052 locus
409 995 517 1052 autem
542 987 678 1073 syllaba,
702 986 854 1074 quoniam
875 988 956 1053 haec
978 987 1114 1075 proprie
1130 986 1224 1051 uerbi
1238 1007 1311 1072 pars
1332 992 1391 1069 est,

296 1116 379 1184 quae
401 1095 518 1184 recipit
540 1104 718 1161 accentum.
761 1105 875 1161 natura
905 1119 983 1162 uero
1012 1095 1184 1183 prosodiae
1212 1093 1248 1160 in
1270 1113 1308 1158 eo
1329 1096 1418 1178 esto

295 1203 383 1288 quod
404 1214 459 1270 aut
481 1228 609 1271 sursum
631 1215 681 1270 est
697 1215 751 1270 aut
766 1206 934 1290 deorsum3
956 1230 1030 1272 nam
1052 1206 1087 1270 in
1110 1204 1202 1271 uocis
1221 1203 1392 1269 altitudine

295 1312 426 1380 omnino
449 1323 614 1403 spectatur
634 1314 716 1382 adeo
737 1324 783 1400 ut,
810 1314 838 1382 si
863 1336 975 1382 omnes
996 1314 1145 1402 syllabae
1166 1312 1238 1403 pari
1257 1311 1391 1400 fastigio

295 1421 385 1488 uocis
405 1421 629 1508 enuntientur,
646 1423 800 1512 prosodia
819 1423 860 1490 sit
878 1424 976 1489 nulla.

250 1617 286 1681 60
383 1601 473 1686 Quot
494 1599 559 1667 sint
580 1602 752 1689 prosodiae
775 1601 950 1668 dicendum
973 1611 1032 1670 est.

296 1803 372 1858 aliud
391 1803 512 1859 scribitis
525 1807 554 1858 et
566 1803 642 1858 aliud
651 1805 744 1876 legitis
755 1823 838 1876 quam
852 1806 1047 1876 scriptumest.
1065 1801 1391 1874 vel.uong.p.22381³.:

295 1877 330 1932 de
354 1873 524 1945 aspiratione
548 1915 554 1927 .
574 1915 580 1928 .
602 1917 608 1930 .
635 1877 742 1945 aliquid
768 1878 825 1932 iam
849 1878 937 1932 locuti
962 1894 1063 1945 sumus,
1090 1876 1274 1946 repetendum
1297 1880 1392 1928 tamen

296 1947 454 2002 existimaui
472 1963 629 2001 sermonem
645 1953 763 2018 propter
780 1966 828 2003 eos
847 1949 895 2018 qui
912 1949 1051 2017 hymnum,
1076 1949 1145 2002 item
1163 1947 1342 2016 hyacinthum
1363 1948 1393 1999 et

295 2019 477 2088 hymenaeum
494 2018 572 2072 uarie
591 2019 771 2088 scripserunt.
814 2021 861 2074 elii
887 2021 960 2074 enim
981 2019 1207 2090 praeponendam
1226 2017 1392 2087 adspiratio·

295 2104 359 2144 nem
377 2094 557 2159 putauerunt,
573 2089 620 2144 alii
640 2095 781 2160 tamquam
799 2109 857 2145 non
874 2092 1059 2148 necessariam
1076 2092 1238 2158 omiserunt,
1259 2089 1392 2158 quoniam

294 2162 402 2217 scilicet
419 2162 448 2214 in
466 2162 606 2217 communi
622 2162 718 2232 lingua
737 2179 901 2232 graecorum
918 2180 1070 2231 numquam
1094 2179 1151 2216 non
1174 2159 1393 2231 adspirationem

298 2233 327 2286 in
345 2250 374 2286 se
392 2233 477 2286 habet
497 2239 524 2286 Y
544 2233 641 2287 littere
659 2233 787 2302 quotiens
806 2233 918 2289 inchoat
934 2250 1027 2288 uoces.
1065 2251 1130 2288 nam
1154 2233 1229 2301 quod
1250 2233 1285 2288 ed
1304 2231 1393 2285 latina

293 2303 426 2374 pertinet,
443 2305 473 2358 in
491 2304 591 2372 quibus
608 2305 665 2358 tale
683 2305 751 2373 quid
768 2306 881 2370 (Vsener
900 2326 948 2376 pro
962 2306 1019 2360 late
1037 2305 1152 2375 aliquid)
1170 2301 1330 2374 ambigitur,
1344 2319 1391 2356 an·

293 2375 373 2444 tiqua
386 2375 557 2430 consuetudo
576 2376 750 2446 respicienda
766 2381 817 2445 est,
861 2377 942 2431 uibus
967 2377 1052 2430 moris
1076 2377 1130 2431 fuit
1154 2391 1205 2445 pro
1229 2375 1281 2428 hac
1299 2372 1393 2442 adspi-

295 2445 404 2501 ratione
423 2447 548 2502 litteram
560 2447 693 2503 dicereh'.
729 2448 824 2516 itaque
843 2395 975 2502 harenam
996 2447 1095 2504 iustius
1114 2448 1175 2517 quis
1194 2445 1305 2512 dixerit,
1326 2461 1394 2526 quo·

294 2519 369 2573 niem
396 2519 471 2588 apud
487 2519 615 2587 antiquos
634 2517 728 2573 fasena
746 2523 814 2586 erat,
843 2523 872 2573 et
895 2519 1030 2574 hordeum
1057 2519 1122 2589 quia
1145 2517 1280 2585 fordeum,
1305 2521 1334 2571 et
1358 2533 1393 2568 sr-

293 2593 341 2645 cut
369 2607 453 2660 supra
477 2589 597 2644 diximus
620 2591 713 2645 hircos
740 2591 868 2659 quoniam
892 2590 954 2646 lirci
980 2596 1069 2658 erant,
1098 2594 1127 2645 et
1153 2588 1234 2644 hoedi
1260 2587 1393 2658 quoniam

293 2660 375 2716 foedi.
411 2661 473 2716 Ter.
498 2661 592 2716 Scaur.
610 2679 638 2730 p.
654 2661 725 2715 2249
741 2662 786 2716 P.:
811 2679 863 2732 per
881 2663 1083 2717 detractionem
1106 2661 1235 2732 (uitiatur
1252 2658 1394 2714 scribendi

292 2733 378 2800 ratio)
400 2751 463 2788 cum
482 2733 566 2787 sedus
585 2733 643 2786 sine
662 2732 852 2802 adspiratione
877 2733 1019 2803 scribitur,
1048 2749 1111 2789 cum
1136 2731 1240 2801 alioqui
1267 2748 1330 2784 cum
1360 2746 1394 2783 ea

295 2804 404 2871 debeat,
429 2803 559 2873 quoniam
588 2804 662 2874 apud
688 2805 817 2873 antiquos
842 2805 939 2859 faedus
965 2805 1002 2858 sit
1022 2805 1114 2860 dictus
1132 2803 1227 2858 stubi
1245 2801 1392 2857 illiFlit·

293 2881 384 2929 teram
406 2880 567 2944 posuerunt,
588 2893 639 2929 nos
657 2875 781 2930 litteram
801 2877 904 2938 (autem
922 2877 954 2944 Ρ)
978 2876 1005 2929 Η
1026 2875 1228 2940 substituimus,
1257 2877 1290 2927 ut
1318 2872 1394 2941 quod

292 2947 332 3000 illi
358 2946 486 3001 fordeum
515 2948 645 3002 dicebant
671 2964 723 3001 nos
741 2947 890 3014 hordeum,
914 2947 1043 3001 iariolum
1067 2965 1150 3018 quem
1174 2963 1225 3000 nos
1247 2943 1393 3024 hariolum,

297 3017 425 3072 similiter
448 3019 559 3073 faedum
587 3034 669 3088 quem
691 3034 742 3072 nos
770 3019 890 3074 haedum
917 3019 1041 3074 dicimus.
1076 3038 1103 3090 p.
1114 3017 1198 3072 2252:
1225 3033 1278 3070 nec
1302 3031 1394 3070 minus

296 3096 480 3145 consonantes
514 3092 600 3161 (inter
627 3105 656 3144 se
683 3089 788 3144 mutuis
817 3090 925 3145 uicibus
952 3089 983 3144 in
1014 3089 1200 3145 decimatione
1228 3087 1393 3156 funguntur)

295 3155 369 3215 ut'r
387 3166 416 3215 et
434 3162 469 3229 H,
495 3168 614 3232 utraque
641 3161 714 3216 enim
737 3165 770 3215 ut
802 3161 883 3215 flatus
909 3165 959 3214 est.
1001 3179 1086 3231 quare
1113 3177 1194 3230 quem
1222 3157 1329 3226 antiqui
1347 3155 1393 3210 fir-

297 3244 359 3286 oum
378 3249 430 3286 nos
447 3233 565 3301 hircum,
593 3237 621 3287 et
640 3249 722 3302 quam
741 3232 846 3287 Falisci
861 3233 963 3286 habam
979 3250 1029 3287 nos
1047 3233 1139 3288 fabam
1158 3229 1336 3301 appellamus,
1364 3233 1392 3282 et

295 3320 379 3429 bill
394 3301 1283 3446 titttttt'ttttthtttttat‘stitttlethi
1300 3299 1393 3440 itii}

294 3447 411 3514 ratione,
435 3447 480 3501 cui
497 3447 574 3501 frons
593 3452 638 3501 est
656 3445 822 3502 eminentior
838 3464 871 3502 ac
892 3447 991 3502 dextra
1009 3447 1175 3516 sinistraque
1196 3443 1284 3498 ueluti
1302 3441 1394 3496 recisa

295 3517 415 3573 uidetur.
454 3518 533 3574 Char.
551 3537 578 3589 p.
590 3517 650 3586 102,
673 3518 702 3572 1:
729 3517 838 3572 cilones
858 3519 997 3584 dicuntur,
1022 3535 1139 3586 quorum
1157 3516 1250 3586 capita
1269 3513 1393 3582 oblonga

295 3593 324 3642 et
341 3605 491 3660 conpressa
511 3595 588 3645 sunt:
608 3590 732 3646 chilones
751 3594 844 3644 autem
864 3607 926 3646 cum
945 3589 1135 3658 adspiratione
1154 3605 1188 3642 ex
1200 3601 1302 3656 graeco
1320 3602 1336 3638 a
1354 3584 1392 3638 la·

295 3658 354 3714 bris
371 3661 588 3732 inprobioribus,
618 3678 688 3730 qnae
707 3662 751 3716 illi
767 3666 871 3736 uocant
888 3665 975 3733 χείλη,
1002 3660 1075 3714 unde
1099 3665 1128 3715 et
1151 3659 1242 3729 pisces
1268 3657 1393 3712 chilones

293 3730 440 3801 inprobior
457 3733 568 3788 labrati.

347 3901 372 3956 ll
393 3829 437 3884 59.
473 3829 552 3886 Seru.
573 3829 609 3885 de
626 3829 762 3885 accentib.
777 3827 795 3883 7
812 3829 902 3900 puae
923 3827 1020 3884 Eunt:
1037 3827 1075 3884 In
1093 3829 1244 3884 accentu
1263 3867 1270 3881 .
1290 3867 1296 3880 .
1317 3865 1324 3880 .
1344 3823 1394 3879 sit

296 3919 342 3955 nu
379 3918 402 3955 a.

395 3997 437 4054 60.
474 3998 554 4054 Seru.
572 3965 607 4052 de
625 3997 762 4052 accentib.
777 3995 811 4051 17
828 4016 854 4067 p.
867 3996 921 4050 530
937 3995 1037 4050 Eunt:
1057 3995 1151 4064 Quot
1168 4011 1235 4066 ergo
1254 3995 1329 4048 sint

382 4158 395 4210 l
426 4152 462 4211 de
481 4153 543 4212 cod.
564 4153 627 4212 aad.
650 4153 749 4213 adnot.
769 4156 810 4214 od
832 4154 874 4227 fr.
895 4156 934 4216 55
954 4158 1063 4212 natura
1091 4156 1137 4209 est
1161 4149 1300 4228 prosodia
1321 4149 1352 4208 L
1371 4146 1392 4222 ΙΙ

296 4261 410 4352 tque]
432 4288 508 4346 quae
530 4272 560 4332 L
584 4272 599 4342 ΙΙ
623 4272 643 4326 4
667 4269 787 4347 probris
807 4263 866 4352 Lll
887 4273 904 4331 7
926 4261 1011 4334 omiio
1033 4270 1063 4331 L
1085 4265 1101 4350 ΙΙ
1119 4267 1240 4344 fastigia
1261 4284 1338 4329 corr.
1362 4269 1395 4326 to
1483 4289 1488 4298 ·

293 4347 755 4433 lastigioLllbquodLll'
855 4395 858 4401 -
