3126 5146
198 659 326 745 titubet,
347 671 383 728 ut
402 663 436 730 in
457 674 625 734 sommatore
650 674 828 748 emanatura,
849 665 905 732 ubi
931 667 1096 750 quaeritur
1122 667 1297 754 geminetis

199 771 464 838 consonantibus
478 793 519 838 au
547 773 750 862 simplicibus
772 774 982 844 scribendum
1005 786 1037 840 et
1059 775 1295 842 enuntiandum
1377 855 1379 860 Ι

200 928 287 950 ....
319 905 379 948 nec
404 905 470 950 non
494 894 527 948 et
547 883 594 948 ibi
622 881 795 962 ὅρθηέπεια
821 881 1026 970 ὄρθογραφίᾳ
1051 884 1299 952 coniunctast

197 988 254 1056 ubi
275 991 442 1075 quaeritur
462 999 592 1070 foenoris
613 1015 654 1058 an
675 993 834 1077 foaaerrffl)
861 992 978 1078 dicant,
1002 993 1153 1081 quoniam
1175 1015 1296 1060 nomen

197 1097 272 1166 iude
295 1108 434 1168 tractum
455 1101 592 1168 dicimus
612 1111 834 1181 foareratorem,
854 1102 932 1168 item
943 1110 1085 1181 faciamte
1100 1101 1143 1170 au¹
1154 1103 1234 1187 (nou
1244 1103 1296 1187 Ρ.)

195 1215 346 1287 saciacus,
377 1211 529 1294 qnoniam
549 1219 745 1290 facinorosum
766 1234 928 1279 uouemus.
976 1211 1022 1278 sic
1053 1212 1152 1276 etiam
1183 1219 1296 1282 delirus

197 1318 307 1404 placet
326 1319 498 1388 Varroni
521 1344 588 1386 nou
611 1327 734 1390 delarue.
772 1343 839 1386 non
863 1319 950 1388 enim
969 1329 1005 1388 ut
1027 1319 1158 1406 quidam
1181 1321 1292 1386 existi·

197 1438 298 1513 mant,
320 1451 339 1496 a
360 1451 478 1514 graeco
497 1440 604 1498 tracta
625 1453 692 1496 uox
713 1441 763 1496 est
786 1428 874 1508 παρὰ
896 1425 930 1490 τὸ
952 1433 1069 1514 ληρεῖν,
1099 1431 1158 1498 sed
1180 1439 1228 1498 est
1247 1431 1295 1498 la·

197 1536 264 1602 tina
296 1563 315 1603 a
342 1546 402 1606 tiro
429 1538 463 1604 id
494 1551 542 1604 est
573 1541 664 1606 sulco
697 1542 730 1619 (a
758 1539 818 1606 lira
848 1539 883 1604 id
905 1548 954 1606 est
972 1523 1098 1606 lassauit
1117 1547 1296 1608 eracleus

197 1658 307 1728 quaest.
320 1655 407 1718 Varr.
425 1676 460 1731 12·
474 1654 531 1733 29)
546 1701 553 1716 .
567 1703 573 1715 .
586 1700 594 1717 .
608 1701 615 1716 .
627 1651 704 1716 hino
725 1647 901 1718 nascuntur
921 1652 1110 1730 <noscuntur
1121 1649 1173 1734 P.)
1197 1649 1295 1716 etiam

198 1756 407 1841 quaestiones
427 1757 603 1844 interdum,
634 1759 750 1847 quibus
772 1781 858 1826 noua
881 1783 899 1821 a
920 1757 1087 1826 ueteribus
1109 1757 1295 1826 discernan-

198 1873 249 1931 tur
270 1865 323 1950 (οἵ.
345 1875 495 1935 adnotatio
514 1876 555 1936 ud
572 1875 614 1947 fr.
624 1873 676 1949 47)
794 1866 872 1932 mihi
894 1888 974 1934 uero
995 1867 1103 1952 placet
1125 1876 1160 1932 ut
1182 1865 1223 1932 in
1243 1866 1297 1932 la·

198 1973 289 2040 tino
314 1995 504 2044 sermone
526 1975 803 2060 antiquitatis
825 1974 980 2060 religio
1003 1982 1154 2040 seruetur
1174 1983 1211 2040 ut
1235 1997 1294 2063 po-

196 2082 261 2148 tius
283 2091 385 2150 emtas·
407 2085 587 2151 secundum
608 2085 909 2152 auctoritatem
942 2082 1236 2152 eruditissimorum
1262 2093 1294 2150 ot

200 2191 424 2278 eloquentium
454 2193 599 2262 uirorum
622 2194 778 2276 dicemus,
812 2214 909 2280 quem
935 2202 1043 2274 serpat,
1072 2214 1148 2258 cum
1174 2213 1292 2260 recens

197 2299 278 2366 haec
304 2299 480 2370 declinatio
504 2303 628 2370 sordidi
656 2302 815 2371 sermonis
844 2302 932 2370 uires
956 2300 1059 2386 (uirus
1082 2301 1134 2385 P.)
1158 2301 1293 2390 ceperit.

268 2411 345 2477 hinc
368 2422 544 2478 nascuntur
560 2414 658 2478 etiam
680 2413 883 2478 diuersarum
905 2410 1179 2496 significationum
1200 2432 1295 2498 quae·

195 2519 330 2605 stiones,
348 2531 529 2590 actartosan
541 2532 690 2592 actuarios
712 2531 744 2584 et
760 2519 871 2586 dicere
888 2529 920 2584 et
943 2519 1087 2584 scribere
1108 2519 1295 2603 debeamus,

197 2651 271 2696 cum
294 2611 442 2698 actuarios
471 2653 566 2700 canes
597 2631 729 2716 quidem
760 2632 799 2698 ab
824 2640 898 2696 actu
921 2629 1135 2718 appellemus,
1167 2636 1295 2696 notarim

195 2759 274 2806 uero
289 2739 466 2828 scriptores
480 2743 645 2807 actorum’.
667 2740 818 2827 excerpsi
840 2739 977 2826 longum
987 2738 1095 2826 Longi
1116 2737 1236 2821 locum,
1259 2747 1295 2803 ut

195 2869 262 2912 non
285 2848 390 2913 solum
413 2850 580 2935 generalia
596 2848 836 2915 cumVarronis
855 2848 947 2914 libris
971 2847 1157 2931 conuenire,
1178 2869 1295 2914 uerum
1314 2829 1343 2852 ²

196 2957 293 3021 etiam
316 2982 411 3046 quam
433 2969 502 3025 arte
524 2984 597 3028 cum
621 2962 677 3027 tali
700 2971 894 3047 argumento
918 2962 1132 3047 quaestiones·
1148 2960 1189 3025 de
1214 2960 1293 3024 anti·
1327 3025 1329 3030 s

197 3067 267 3150 quis
290 3069 404 3134 formis
428 3077 459 3132 et
480 3071 722 3156 significatione
743 3072 929 3156 uerborum,
954 3071 994 3136 ad
1019 3093 1098 3156 quas
1109 3069 1294 3134 Varronem

196 3197 292 3264 saepe
313 3177 480 3244 transiisse
503 3179 582 3264 dixi,
610 3180 802 3246 coniunctae
833 3181 898 3245 sint
918 3179 1136 3274 ostenderem.
1178 3177 1291 3244 similis

111 3370 112 3373 Ἴ
196 3283 372 3373 disputatio
385 3287 461 3351 Veli
484 3311 516 3376 p.
529 3288 611 3354 2228
623 3313 670 3377 sq.
694 3289 816 3374 legitur
838 3300 869 3354 et
891 3289 937 3354 ibi
958 3311 1098 3376 quoque,
1119 3288 1231 3376 paucis
1246 3287 1294 3352 in·

195 3395 372 3484 impositis,
393 3397 551 3464 Varronis
581 3399 743 3484 quoddam
769 3410 979 3487 praeceptum
1004 3397 1293 3485 orthographicum

195 3504 249 3570 uel
271 3505 497 3594 orthoepicum
520 3506 561 3572 de
583 3515 696 3574 toreca
716 3508 863 3598 adfertur
886 3509 932 3595 (p.
944 3508 1052 3592 2230).
1086 3507 1195 3594 priore
1219 3506 1293 3572 loco

196 3611 377 3677 eVarrone
393 3637 458 3679 non
479 3615 575 3680 modo
598 3615 782 3680 obseruatio
808 3615 849 3680 de
871 3623 966 3682 deliro
987 3614 1092 3697 fluxit,
1116 3613 1175 3680 sed
1197 3613 1294 3701 plura

195 3719 271 3785 huic
293 3721 404 3788 deberi
429 3723 571 3788 ostendit
598 3732 735 3790 meridies
758 3727 803 3812 (p.
823 3723 919 3808 2232)
943 3745 986 3788 ex
1013 3724 1082 3788 eius
1102 3730 1212 3790 mente
1235 3742 1291 3786 ex·

195 3829 345 3916 plicatus,
364 3833 407 3897 cf.
429 3832 572 3918 de'ling.
596 3834 650 3898 lat.
672 3834 722 3898 VI
741 3835 762 3897 4
783 3858 814 3921 p.
838 3833 909 3918 186,
938 3841 971 3897 et
992 3832 1147 3897 iudicium
1177 3830 1217 3894 de
1239 3829 1293 3894 ad-

196 3940 371 4027 spiratione
392 3943 425 4005 in
448 3941 617 4008 uocabulis
628 3951 780 4009 uehemens
792 3952 823 4006 et
834 3951 1028 4023 reprehensas
1044 3939 1181 4028 p.2234‚
1204 3938 1291 4024 quod

195 4049 366 4116 Terentius
390 4051 532 4120 Scaurus
555 4078 586 4144 p.
601 4051 683 4118 2256
705 4047 817 4140 aperte
828 4051 971 4117 Varroni
993 4050 1115 4116 tribuit.
1138 4071 1212 4113 cum
1228 4023 1291 4113 lice

197 4208 400 4217 —m—-n

281 4293 324 4363 ·1)
343 4293 461 4350 Prorsus
480 4297 601 4355 alienum
618 4298 671 4354 hoc
688 4315 748 4354 esse
767 4299 802 4354 ab
824 4315 856 4354 eo
878 4297 953 4366 quod
970 4314 1055 4368 supra
1074 4297 1157 4368 (pst
1172 4317 1200 4353 n.
1212 4298 1240 4367 2)
1262 4297 1292 4352 in

195 4389 267 4444 libro
286 4390 371 4446 tertio
392 4392 435 4457 (fr.
448 4393 492 4463 62)
512 4395 636 4464 positum
654 4395 740 4450 fuisso
758 4395 877 4450 uidimus
895 4396 943 4449 uix
961 4401 1004 4450 est
1022 4396 1097 4467 quod
1115 4410 1250 4450 moneam
1284 4423 1288 4449 ι
