3152 5142
694 471 734 528 49

164 642 283 739 litteris
301 650 392 710 recte
416 641 639 730 exprimendis
653 641 694 708 de
709 641 796 708 uitiis
813 641 968 708 orationis
989 640 1150 710 uidemus.
1175 641 1263 728 quod

164 761 391 839 argumentum
414 774 488 818 cum
514 751 636 838 optime
660 750 832 816 conueniat
853 773 926 816 curn
947 750 994 816 eis
1018 750 1262 840 quaestionibus
1352 753 1357 763 ’

165 885 242 948 quas
266 860 359 928 stoici
382 884 457 928 cum
478 861 707 946 rhythmorum
728 869 979 948 poematumque
996 859 1201 948 expositione
1220 859 1262 926 ad

164 968 353 1034 dialecticae
375 969 482 1036 locum
507 967 581 1048 napi
608 967 717 1061 perir
744 968 933 1034 referebant
959 969 1016 1052 (cf.
1040 992 1139 1057 supra
1160 991 1192 1058 p.
1215 969 1261 1054 6),

162 1079 324 1145 rationem
350 1100 433 1163 quae
453 1078 539 1144 iuter
559 1077 661 1145 libros
684 1077 726 1142 de
751 1078 865 1166 lingua
885 1078 984 1144 latina
1005 1086 1037 1142 et
1060 1099 1115 1145 eos
1139 1081 1194 1166 qui
1221 1078 1262 1146 de

163 1209 316 1256 sermone
338 1188 438 1254 latino
462 1197 553 1254 erent
575 1188 756 1256 intercedat
773 1188 919 1254 breuiter
934 1188 977 1254 ita
989 1188 1174 1274 significare
1185 1209 1260 1276 pos-

162 1321 287 1380 sumus,
308 1307 344 1362 ut
354 1297 419 1364 illis
431 1299 609 1364 stoicorum
620 1299 730 1364 Iocum
754 1296 828 1380 περὶ
850 1296 1056 1384 πραγμάτων,
1073 1298 1122 1364 his
1146 1319 1262 1366 eorun-

127 1388 129 1393 ’
164 1405 239 1472 dem
263 1407 373 1472 locum
396 1406 470 1489 urps*
485 1406 601 1504 ιφωνῆς
621 1406 762 1494 scriptor
781 1415 972 1494 persecutus
993 1406 1042 1472 sit.
1086 1430 1169 1494 quac
1192 1430 1263 1474 sen·

162 1516 266 1582 tentia
287 1539 353 1580 non
375 1537 414 1582 eo
438 1508 571 1604 spectat,
593 1524 630 1581 ut
651 1526 683 1582 ct
706 1537 819 1582 omnes
840 1537 894 1582 res
917 1516 1061 1604 quesibi
1084 1517 1177 1584 stoici
1199 1526 1261 1582 tra·

163 1635 254 1692 ctare
285 1627 433 1692 solebant
461 1626 659 1710 eosdemque
689 1626 777 1692 scios
807 1626 862 1690 uel
895 1619 1087 1714 praecipuos
1113 1636 1261 1694 auctores
1307 1622 1309 1626 ’

164 1745 294 1801 secutus
307 1735 413 1802 Varro
428 1735 488 1802 hos
510 1736 610 1802 libros
634 1734 873 1822 conscripserit,
896 1735 955 1800 sed
976 1736 1079 1822 priori
1099 1737 1148 1802 issi
1170 1737 1262 1824 operi

163 1845 303 1910 alterum
322 1866 365 1910 ex
384 1853 495 1910 mente
518 1843 695 1910 stoicorum
717 1853 883 1928 tamquam
895 1845 1117 1910 necessarium
1131 1846 1261 1934 supple·

162 1963 309 2020 mentum
331 1953 469 2040 addidit,
488 1975 529 2020 ne
550 1953 731 2039 neglectae.
746 1953 811 2020 sint
832 1953 925 2040 leges
949 1973 1031 2038 quae
1055 1954 1096 2020 ad
1114 1954 1260 2042 linguam

165 2073 325 2148 quatenus
348 2072 442 2147 sonet
462 2071 494 2128 et
515 2062 666 2130 audiatur
687 2063 997 2149 etconloquentium
1014 2063 1056 2130 sit
1067 2064 1261 2151 pertineant.

163 2194 245 2258 quae
266 2173 453 2260 argumenti
476 2172 621 2240 definitio
650 2172 854 2258 singulorum
883 2173 1143 2258 fragmentorum
1164 2199 1262 2240 acco·-

162 2293 234 2350 rata
267 2283 506 2350 examinatione
539 2292 572 2348 et
604 2281 827 2370 dispositione,
856 2281 1017 2368 adquam
1037 2307 1125 2350 nunc
1146 2307 1262 2374 pergo,

163 2393 302 2482 egregie
322 2394 577 2463 confirmabitur.
995 2397 997 2402 '

262 2503 426 2592 Incipiam
446 2529 465 2569 a
486 2502 700 2592 prosodiis
720 2503 776 2570 uel
797 2503 1059 2572 accentibus.
1086 2509 1166 2592 quas
1188 2528 1263 2570 cum

164 2623 254 2680 certo
279 2611 369 2682 Gelli
392 2613 517 2680 XVIII
536 2613 625 2698 12‚8
651 2613 706 2698 (fr.
719 2613 775 2698 61)
797 2612 985 2683 testimonio
1009 2623 1135 2680 constet
1156 2613 1192 2679 in
1212 2615 1263 2682 his

162 2723 256 2790 libris
278 2723 457 2810 explicatas
479 2721 591 2807 fuisse,
613 2744 656 2788 ex
671 2722 794 2788 eisdem
810 2731 976 2808 sumptum
991 2732 1042 2789 est
1057 2725 1265 2811 praeclarum

164 2834 385 2920 fragmentum
409 2831 590 2922 exquisitae
606 2831 776 2898 doctrinae
794 2841 828 2897 et
842 2832 993 2920 autiquae
1006 2832 1084 2899 artis
1095 2833 1263 2918 refertum,

164 2941 252 3028 quod
275 2927 411 3010 Seruius
435 2963 531 3025 quem
553 2940 665 3006 dicunt
688 2940 833 3008 seruauit
851 2939 886 3005 in
909 2942 1066 3029 opusculo
1088 2950 1162 3030 post
1184 2926 1263 3008 Chr.

43 3081 45 3085 ’
164 3049 318 3118 Wasium
343 3051 377 3116 in
399 3050 482 3116 libro
507 3050 559 3115 cui
582 3049 774 3130 inscribitur
795 3048 952 3118 Securius
978 3050 1049 3115 siue
1071 3050 1112 3115 dc
1132 3050 1263 3137 legibus

164 3169 197 3225 et
217 3159 352 3226 licentia
373 3167 522 3224 ueterum
546 3167 716 3246 poetarum
737 3181 755 3224 e
777 3155 888 3225 Seruii
908 3157 969 3226 Ma.
990 3179 1058 3246 cap.
1080 3159 1120 3225 de
1133 3161 1263 3226 Accen-

162 3267 249 3334 tibus
275 3266 414 3352 (Oxonii
441 3265 536 3352 1687)
559 3290 591 3354 p.
611 3267 651 3332 62
678 3267 809 3355 plenius
832 3267 873 3332 ab
895 3268 1037 3356 Iosepho
1062 3269 1101 3334 ab
1125 3269 1265 3338 Eichen-

44 3399 48 3406 ·
163 3377 234 3443 feld
258 3387 290 3442 et
309 3375 476 3464 Stephano
495 3375 674 3445 Endlicher
694 3377 730 3444 in
748 3377 902 3444 analectis
922 3379 1142 3465 grammaticis
1157 3402 1189 3466 p.
1202 3380 1265 3446 525

163 3511 213 3575 sq.
249 3509 268 3554 e
300 3487 415 3553 codice
446 3486 629 3554 Louentino
662 3487 784 3552 saeculi
806 3487 892 3554 VIII
922 3488 979 3553 uel
1006 3489 1109 3555 VIIII
1144 3489 1264 3576 (praef.

163 3621 197 3686 p.
208 3597 323 3680 XXV)
348 3596 449 3664 edito.
470 3597 528 3662 sed
549 3619 616 3664 non
639 3596 745 3664 solum
766 3597 874 3664 codex
896 3597 952 3662 hic
967 3605 1034 3662 tam
1045 3598 1265 3684 neglegenter

163 3707 308 3793 scriptus
330 3699 390 3791 est,
411 3716 447 3771 ut
468 3706 631 3772 interdum
654 3707 695 3772 de
718 3705 947 3772 emendatione
962 3707 1081 3773 misere
1095 3717 1264 3797 corrupto·

164 3837 238 3880 rum
257 3817 434 3882 uerborum
458 3815 625 3903 desperes,
646 3835 762 3880 uerum
787 3817 885 3880 etiam
914 3808 1138 3904 libellus'ipse
1160 3819 1265 3904 magis

165 3935 398 4012 excerptorum
421 3925 665 3992 inconditorum
688 3948 784 4013 quam
806 3925 909 3991 iustae
937 3926 1164 4013 disputationis
1192 3949 1265 4013 spe·

165 4033 250 4100 ciem
275 4033 419 4120 praebet.
462 4055 562 4118 quare
588 4033 728 4120 primum
758 4055 840 4120 quae
866 4033 900 4098 in
924 4033 1082 4102 Seruiano
1108 4035 1264 4122 opusculo

164 4141 312 4208 Varroni
333 4142 505 4208 tribuenda
529 4143 594 4208 sint
619 4142 840 4230 quaerendum
862 4151 920 4225 est,
938 4141 1057 4207 deindo
1069 4142 1180 4231 paucis
1196 4131 1286 4210 eius*

163 4252 348 4320 referemus
371 4252 608 4338 expositionem
621 4252 889 4339 quorundamque
907 4251 1053 4318 locorum
1069 4252 1264 4342 scripturam

166 4362 456 4429 considerabimus.

1045 4479 1065 4540 4
