<?xml version="1.0" encoding="UTF-8"?>
<!DOCTYPE html PUBLIC "-//W3C//DTD XHTML 1.0 Transitional//EN"
    "http://www.w3.org/TR/xhtml1/DTD/xhtml1-transitional.dtd">
<html xmlns="http://www.w3.org/1999/xhtml" xml:lang="en" lang="en">
 <head>
  <title>
</title>
<meta http-equiv="Content-Type" content="text/html;charset=utf-8" />
  <meta name='ocr-system' content='tesseract 3.04.00' />
  <meta name='ocr-capabilities' content='ocr_page ocr_carea ocr_par ocr_line ocrx_word'/>
</head>
<body>
  <div class='ocr_page' id='page_1' title='image "./demterentivarro00wilmgoog_0094.png"; bbox 0 0 3126 5146; ppageno 0'>
   <div class='ocr_carea' id='block_1_1' title="bbox 712 401 749 459">
    <p class='ocr_par' dir='ltr' id='par_1_1' title="bbox 712 401 749 459">
     <span class='ocr_line' id='line_1_1' title="bbox 712 401 749 459; baseline -0.054 0"><span class='ocrx_word' id='word_1_1' title='bbox 712 401 749 459; x_wconf 87' lang='lat'><strong>81</strong></span> 
     </span>
    </p>
   </div>
   <div class='ocr_carea' id='block_1_2' title="bbox 177 574 1282 2739">
    <p class='ocr_par' dir='ltr' id='par_1_2' title="bbox 177 574 1279 1650">
     <span class='ocr_line' id='line_1_2' title="bbox 180 574 1279 666; baseline 0.005 -28"><span class='ocrx_word' id='word_1_2' title='bbox 180 593 276 640; x_wconf 77' lang='lat' dir='ltr'><strong>mone</strong></span> <span class='ocrx_word' id='word_1_3' title='bbox 299 574 561 640; x_wconf 84' lang='lat' dir='ltr'><strong>obseruationum</strong></span> <span class='ocrx_word' id='word_1_4' title='bbox 573 574 792 656; x_wconf 77' lang='lat' dir='ltr'><strong>Quintilianus</strong></span> <span class='ocrx_word' id='word_1_5' title='bbox 815 575 903 660; x_wconf 82' lang='lat' dir='ltr'><strong>(inst.</strong></span> <span class='ocrx_word' id='word_1_6' title='bbox 921 579 1029 644; x_wconf 79' lang='lat' dir='ltr'><strong>oratl</strong></span> <span class='ocrx_word' id='word_1_7' title='bbox 1045 580 1120 662; x_wconf 84' lang='grc'><strong>6,1)</strong></span> <span class='ocrx_word' id='word_1_8' title='bbox 1146 579 1279 666; x_wconf 83' lang='lat' dir='ltr'>profert,</span> 
     </span>
     <span class='ocr_line' id='line_1_3' title="bbox 179 684 1276 776; baseline 0.002 -22"><span class='ocrx_word' id='word_1_9' title='bbox 179 690 234 774; x_wconf 89' lang='lat' dir='ltr'><strong>qui</strong></span> <span class='ocrx_word' id='word_1_10' title='bbox 257 711 315 776; x_wconf 88' lang='lat' dir='ltr'><strong>pro</strong></span> <span class='ocrx_word' id='word_1_11' title='bbox 335 685 485 774; x_wconf 85' lang='lat' dir='ltr'><strong>analogia</strong></span> <span class='ocrx_word' id='word_1_12' title='bbox 506 689 663 754; x_wconf 86' lang='lat' dir='ltr'><strong>rationem</strong></span> <span class='ocrx_word' id='word_1_13' title='bbox 688 689 743 771; x_wconf 86' lang='lat' dir='ltr'><strong>(cf.</strong></span> <span class='ocrx_word' id='word_1_14' title='bbox 768 684 894 756; x_wconf 83' lang='lat' dir='ltr'><strong>dell.</strong></span> <span class='ocrx_word' id='word_1_15' title='bbox 917 691 951 756; x_wconf 94' lang='lat' dir='ltr'>X</span> <span class='ocrx_word' id='word_1_16' title='bbox 973 692 1014 755; x_wconf 81' lang='lat'><strong>36</strong></span> <span class='ocrx_word' id='word_1_17' title='bbox 1036 711 1066 776; x_wconf 91' lang='lat' dir='ltr'><strong>p.</strong></span> <span class='ocrx_word' id='word_1_18' title='bbox 1079 691 1155 773; x_wconf 74' lang='lat'>564)</span> <span class='ocrx_word' id='word_1_19' title='bbox 1181 715 1276 776; x_wconf 91' lang='lat' dir='ltr'><strong>quam</strong></span> 
     </span>
     <span class='ocr_line' id='line_1_4' title="bbox 179 797 1278 886; baseline 0.002 -24"><span class='ocrx_word' id='word_1_20' title='bbox 179 798 351 886; x_wconf 78' lang='lat' dir='ltr'><strong>praecipue</strong></span> <span class='ocrx_word' id='word_1_21' title='bbox 373 797 534 882; x_wconf 86' lang='lat' dir='ltr'><strong>analogia,</strong></span> <span class='ocrx_word' id='word_1_22' title='bbox 557 797 720 862; x_wconf 85' lang='lat' dir='ltr'><strong>interdum</strong></span> <span class='ocrx_word' id='word_1_23' title='bbox 743 797 946 884; x_wconf 82' lang='lat' dir='ltr'><strong>etymologia</strong></span> <span class='ocrx_word' id='word_1_24' title='bbox 967 809 1118 884; x_wconf 82' lang='lat' dir='ltr'><strong>praestat,</strong></span> <span class='ocrx_word' id='word_1_25' title='bbox 1142 823 1200 885; x_wconf 91' lang='lat' dir='ltr'><strong>pro</strong></span> <span class='ocrx_word' id='word_1_26' title='bbox 1223 825 1278 864; x_wconf 91' lang='lat' dir='ltr'><strong>na-</strong></span> 
     </span>
     <span class='ocr_line' id='line_1_5' title="bbox 178 907 1277 995; baseline 0.002 -23"><span class='ocrx_word' id='word_1_27' title='bbox 178 919 251 972; x_wconf 85' lang='lat' dir='ltr'><strong>tura</strong></span> <span class='ocrx_word' id='word_1_28' title='bbox 273 917 467 972; x_wconf 84' lang='lat' dir='ltr'><strong>uetustatem</strong></span> <span class='ocrx_word' id='word_1_29' title='bbox 490 907 583 995; x_wconf 91' lang='lat' dir='ltr'><strong>ponit</strong></span> <span class='ocrx_word' id='word_1_30' title='bbox 600 927 682 992; x_wconf 88' lang='lat' dir='ltr'><strong>quac</strong></span> <span class='ocrx_word' id='word_1_31' title='bbox 707 907 797 994; x_wconf 90' lang='lat' dir='ltr'><strong>quasi</strong></span> <span class='ocrx_word' id='word_1_32' title='bbox 813 931 887 995; x_wconf 86' lang='lat' dir='ltr'><strong>pars</strong></span> <span class='ocrx_word' id='word_1_33' title='bbox 905 909 1104 973; x_wconf 83' lang='lat' dir='ltr'><strong>auctoritatis</strong></span> <span class='ocrx_word' id='word_1_34' title='bbox 1120 919 1178 991; x_wconf 89' lang='lat' dir='ltr'><strong>cst,</strong></span> <span class='ocrx_word' id='word_1_35' title='bbox 1202 933 1277 974; x_wconf 90' lang='lat' dir='ltr'><strong>nam</strong></span> 
     </span>
     <span class='ocr_line' id='line_1_6' title="bbox 178 1015 1276 1104; baseline 0 -21"><span class='ocrx_word' id='word_1_36' title='bbox 178 1019 308 1084; x_wconf 85' lang='lat' dir='ltr'><strong>‘uetera&#39;</strong></span> <span class='ocrx_word' id='word_1_37' title='bbox 340 1015 383 1081; x_wconf 87' lang='lat' dir='ltr'><strong>ait</strong></span> <span class='ocrx_word' id='word_1_38' title='bbox 410 1017 571 1082; x_wconf 85' lang='lat' dir='ltr'><strong>‘maiestas</strong></span> <span class='ocrx_word' id='word_1_39' title='bbox 596 1017 754 1104; x_wconf 84' lang='lat' dir='ltr'><strong>quaedam</strong></span> <span class='ocrx_word' id='word_1_40' title='bbox 780 1026 810 1080; x_wconf 89' lang='lat' dir='ltr'><strong>ct</strong></span> <span class='ocrx_word' id='word_1_41' title='bbox 834 1026 870 1080; x_wconf 90' lang='lat' dir='ltr'><strong>ut</strong></span> <span class='ocrx_word' id='word_1_42' title='bbox 892 1017 937 1082; x_wconf 89' lang='lat' dir='ltr'><strong>sic</strong></span> <span class='ocrx_word' id='word_1_43' title='bbox 961 1017 1100 1082; x_wconf 80' lang='lat' dir='ltr'><strong>dixerim</strong></span> <span class='ocrx_word' id='word_1_44' title='bbox 1125 1018 1276 1104; x_wconf 73' lang='lat' dir='ltr'><strong>religio¹l</strong></span> 
     </span>
     <span class='ocr_line' id='line_1_7' title="bbox 178 1123 1277 1213; baseline -0.001 -21"><span class='ocrx_word' id='word_1_45' title='bbox 178 1126 401 1192; x_wconf 87' lang='lat' dir='ltr'><strong>commcndat’.</strong></span> <span class='ocrx_word' id='word_1_46' title='bbox 411 1123 918 1192; x_wconf 84' lang='lat' dir='ltr'><strong>similiterMaximusVictorinus</strong></span> <span class='ocrx_word' id='word_1_47' title='bbox 927 1127 970 1213; x_wconf 87' lang='lat' dir='ltr'><strong>(p.</strong></span> <span class='ocrx_word' id='word_1_48' title='bbox 982 1127 1043 1190; x_wconf 74' lang='lat'><strong>272</strong></span> <span class='ocrx_word' id='word_1_49' title='bbox 1052 1125 1088 1191; x_wconf 90' lang='lat' dir='ltr'><strong>L.</strong></span> <span class='ocrx_word' id='word_1_50' title='bbox 1098 1149 1128 1212; x_wconf 89' lang='lat' dir='ltr'><strong>p.</strong></span> <span class='ocrx_word' id='word_1_51' title='bbox 1142 1128 1221 1191; x_wconf 83' lang='lat'>1938</span> <span class='ocrx_word' id='word_1_52' title='bbox 1230 1128 1277 1204; x_wconf 88' lang='grc' dir='ltr'><strong>Ρ.)</strong></span> 
     </span>
     <span class='ocr_line' id='line_1_8' title="bbox 179 1233 1276 1322; baseline 0.002 -22"><span class='ocrx_word' id='word_1_53' title='bbox 179 1246 211 1300; x_wconf 87' lang='lat' dir='ltr'><strong>et</strong></span> <span class='ocrx_word' id='word_1_54' title='bbox 233 1235 439 1322; x_wconf 80' lang='lat' dir='ltr'><strong>Augustinus</strong></span> <span class='ocrx_word' id='word_1_55' title='bbox 461 1234 501 1299; x_wconf 88' lang='lat' dir='ltr'><strong>dc</strong></span> <span class='ocrx_word' id='word_1_56' title='bbox 523 1235 734 1321; x_wconf 83' lang='lat' dir='ltr'><strong>grammatica</strong></span> <span class='ocrx_word' id='word_1_57' title='bbox 758 1233 803 1320; x_wconf 86' lang='lat' dir='ltr'><strong>(p.</strong></span> <span class='ocrx_word' id='word_1_58' title='bbox 823 1234 953 1299; x_wconf 75' lang='lat' dir='ltr'><strong>IWub.</strong></span> <span class='ocrx_word' id='word_1_59' title='bbox 979 1256 1009 1320; x_wconf 92' lang='lat' dir='ltr'><strong>p.</strong></span> <span class='ocrx_word' id='word_1_60' title='bbox 1033 1237 1090 1299; x_wconf 81' lang='lat' dir='ltr'><strong>llil</strong></span> <span class='ocrx_word' id='word_1_61' title='bbox 1115 1235 1179 1300; x_wconf 83' lang='lat' dir='ltr'><strong>lllai</strong></span> <span class='ocrx_word' id='word_1_62' title='bbox 1203 1259 1276 1302; x_wconf 87' lang='lat' dir='ltr'><strong>nou.</strong></span> 
     </span>
     <span class='ocr_line' id='line_1_9' title="bbox 177 1343 1277 1432; baseline -0.003 -21"><span class='ocrx_word' id='word_1_63' title='bbox 177 1346 255 1411; x_wconf 91' lang='lat' dir='ltr'><strong>bibl.</strong></span> <span class='ocrx_word' id='word_1_64' title='bbox 279 1353 360 1431; x_wconf 88' lang='lat' dir='ltr'><strong>patr.</strong></span> <span class='ocrx_word' id='word_1_65' title='bbox 383 1344 444 1422; x_wconf 73' lang='lat'><strong>12)</strong></span> <span class='ocrx_word' id='word_1_66' title='bbox 468 1344 617 1408; x_wconf 86' lang='lat' dir='ltr'><strong>Varrone</strong></span> <span class='ocrx_word' id='word_1_67' title='bbox 640 1343 786 1409; x_wconf 87' lang='lat' dir='ltr'><strong>nituntur</strong></span> <span class='ocrx_word' id='word_1_68' title='bbox 809 1363 946 1427; x_wconf 88' lang='lat' dir='ltr'><strong>quorum</strong></span> <span class='ocrx_word' id='word_1_69' title='bbox 969 1353 1106 1432; x_wconf 85' lang='lat' dir='ltr'><strong>uterque</strong></span> <span class='ocrx_word' id='word_1_70' title='bbox 1129 1355 1277 1410; x_wconf 86' lang='lat' dir='ltr'><strong>naturam</strong></span> 
     </span>
     <span class='ocr_line' id='line_1_10' title="bbox 178 1452 1276 1541; baseline 0.001 -23"><span class='ocrx_word' id='word_1_71' title='bbox 178 1453 371 1540; x_wconf 85' lang='lat' dir='ltr'><strong>simpliciter</strong></span> <span class='ocrx_word' id='word_1_72' title='bbox 395 1452 523 1538; x_wconf 84' lang='lat' dir='ltr'><strong>omittit,</strong></span> <span class='ocrx_word' id='word_1_73' title='bbox 547 1453 674 1518; x_wconf 88' lang='lat' dir='ltr'><strong>Probus</strong></span> <span class='ocrx_word' id='word_1_74' title='bbox 704 1461 814 1518; x_wconf 86' lang='lat' dir='ltr'><strong>contra</strong></span> <span class='ocrx_word' id='word_1_75' title='bbox 845 1453 933 1533; x_wconf 85' lang='lat' dir='ltr'><strong>(inst.</strong></span> <span class='ocrx_word' id='word_1_76' title='bbox 957 1462 1015 1518; x_wconf 86' lang='lat' dir='ltr'><strong>art.</strong></span> <span class='ocrx_word' id='word_1_77' title='bbox 1040 1479 1070 1541; x_wconf 87' lang='lat' dir='ltr'><strong>p.</strong></span> <span class='ocrx_word' id='word_1_78' title='bbox 1089 1455 1142 1538; x_wconf 79' lang='lat'><strong>47,</strong></span> <span class='ocrx_word' id='word_1_79' title='bbox 1161 1455 1198 1518; x_wconf 89' lang='grc'><strong>19</strong></span> <span class='ocrx_word' id='word_1_80' title='bbox 1220 1454 1276 1534; x_wconf 90' lang='grc' dir='ltr'><strong>Κ.)</strong></span> 
     </span>
     <span class='ocr_line' id='line_1_11' title="bbox 178 1561 977 1650; baseline -0.004 -23"><span class='ocrx_word' id='word_1_81' title='bbox 178 1563 363 1650; x_wconf 85' lang='lat' dir='ltr'><strong>analogiam</strong></span> <span class='ocrx_word' id='word_1_82' title='bbox 388 1571 510 1628; x_wconf 82' lang='lat' dir='ltr'><strong>tantum</strong></span> <span class='ocrx_word' id='word_1_83' title='bbox 535 1572 566 1626; x_wconf 88' lang='lat' dir='ltr'><strong>ct</strong></span> <span class='ocrx_word' id='word_1_84' title='bbox 590 1561 784 1626; x_wconf 87' lang='lat' dir='ltr'><strong>anomaliam</strong></span> <span class='ocrx_word' id='word_1_85' title='bbox 807 1561 977 1628; x_wconf 64' lang='lat' dir='ltr'><strong>retinuit..</strong></span> 
     </span>
    </p>

    <p class='ocr_par' dir='ltr' id='par_1_3' title="bbox 177 1670 1282 2739">
     <span class='ocr_line' id='line_1_12' title="bbox 279 1670 1276 1758; baseline -0.001 -20"><span class='ocrx_word' id='word_1_86' title='bbox 279 1673 339 1738; x_wconf 86' lang='lat' dir='ltr'><strong>His</strong></span> <span class='ocrx_word' id='word_1_87' title='bbox 362 1671 547 1758; x_wconf 88' lang='lat' dir='ltr'><strong>praemissis</strong></span> <span class='ocrx_word' id='word_1_88' title='bbox 566 1671 598 1736; x_wconf 93' lang='lat' dir='ltr'><strong>in</strong></span> <span class='ocrx_word' id='word_1_89' title='bbox 614 1671 697 1736; x_wconf 90' lang='lat' dir='ltr'><strong>libro</strong></span> <span class='ocrx_word' id='word_1_90' title='bbox 718 1670 823 1758; x_wconf 86' lang='lat' dir='ltr'><strong>primo</strong></span> <span class='ocrx_word' id='word_1_91' title='bbox 842 1672 977 1758; x_wconf 73' lang='lat' dir='ltr'><strong>‘copioso</strong></span> <span class='ocrx_word' id='word_1_92' title='bbox 1001 1671 1047 1736; x_wconf 88' lang='lat' dir='ltr'><strong>do</strong></span> <span class='ocrx_word' id='word_1_93' title='bbox 1071 1673 1193 1737; x_wconf 85' lang='lat' dir='ltr'><strong>uocis</strong></span> <span class='ocrx_word' id='word_1_94' title='bbox 1216 1697 1276 1737; x_wconf 88' lang='lat' dir='ltr'><strong>na·</strong></span> 
     </span>
     <span class='ocr_line' id='line_1_13' title="bbox 177 1777 1278 1866; baseline 0 -23"><span class='ocrx_word' id='word_1_95' title='bbox 177 1789 270 1844; x_wconf 81' lang='lat' dir='ltr'><strong>tura</strong></span> <span class='ocrx_word' id='word_1_96' title='bbox 292 1779 445 1846; x_wconf 84' lang='lat' dir='ltr'><strong>disseruit</strong></span> <span class='ocrx_word' id='word_1_97' title='bbox 461 1790 496 1843; x_wconf 84' lang='lat' dir='ltr'><strong>ut</strong></span> <span class='ocrx_word' id='word_1_98' title='bbox 509 1777 647 1845; x_wconf 82' lang='lat' dir='ltr'><strong>Seruius</strong></span> <span class='ocrx_word' id='word_1_99' title='bbox 667 1779 913 1843; x_wconf 77' lang='lat' dir='ltr'><strong>desecantibus</strong></span> <span class='ocrx_word' id='word_1_100' title='bbox 935 1780 1141 1866; x_wconf 82' lang='lat' dir='ltr'><strong>paragrapho</strong></span> <span class='ocrx_word' id='word_1_101' title='bbox 1165 1787 1278 1844; x_wconf 88' lang='lat' dir='ltr'><strong>octaua</strong></span> 
     </span>
     <span class='ocr_line' id='line_1_14' title="bbox 179 1887 1276 1976; baseline 0 -24"><span class='ocrx_word' id='word_1_102' title='bbox 179 1887 284 1972; x_wconf 78' lang='lat' dir='ltr'><strong>docet,</strong></span> <span class='ocrx_word' id='word_1_103' title='bbox 308 1911 325 1952; x_wconf 90' lang='lat' dir='ltr'><strong>c</strong></span> <span class='ocrx_word' id='word_1_104' title='bbox 349 1889 605 1976; x_wconf 87' lang='lat' dir='ltr'><strong>qroarroncm</strong></span> <span class='ocrx_word' id='word_1_105' title='bbox 629 1887 824 1953; x_wconf 86' lang='lat' dir='ltr'><strong>breuissime</strong></span> <span class='ocrx_word' id='word_1_106' title='bbox 847 1887 888 1952; x_wconf 90' lang='lat' dir='ltr'><strong>de</strong></span> <span class='ocrx_word' id='word_1_107' title='bbox 910 1889 970 1952; x_wconf 88' lang='lat' dir='ltr'><strong>hac</strong></span> <span class='ocrx_word' id='word_1_108' title='bbox 992 1888 1083 1952; x_wconf 85' lang='lat' dir='ltr'><strong>rein</strong></span> <span class='ocrx_word' id='word_1_109' title='bbox 1107 1888 1190 1953; x_wconf 89' lang='lat' dir='ltr'><strong>libro</strong></span> <span class='ocrx_word' id='word_1_110' title='bbox 1213 1899 1276 1952; x_wconf 90' lang='lat' dir='ltr'><strong>ter-</strong></span> 
     </span>
     <span class='ocr_line' id='line_1_15' title="bbox 178 1997 1277 2090; baseline 0.001 -30"><span class='ocrx_word' id='word_1_111' title='bbox 178 1997 222 2062; x_wconf 93' lang='lat' dir='ltr'><strong>tio</strong></span> <span class='ocrx_word' id='word_1_112' title='bbox 247 1997 354 2082; x_wconf 88' lang='lat' dir='ltr'><strong>egisse</strong></span> <span class='ocrx_word' id='word_1_113' title='bbox 378 1997 657 2084; x_wconf 81' lang='lat' dir='ltr'><strong>uidemus,=qucm</strong></span> <span class='ocrx_word' id='word_1_114' title='bbox 680 1997 723 2062; x_wconf 91' lang='lat' dir='ltr'><strong>ibi</strong></span> <span class='ocrx_word' id='word_1_115' title='bbox 748 2017 829 2082; x_wconf 85' lang='lat' dir='ltr'><strong>quaa</strong></span> <span class='ocrx_word' id='word_1_116' title='bbox 853 1997 893 2060; x_wconf 91' lang='lat' dir='ltr'><strong>ad</strong></span> <span class='ocrx_word' id='word_1_117' title='bbox 917 1997 1087 2082; x_wconf 78' lang='lat' dir='ltr'><strong>sequentia</strong></span> <span class='ocrx_word' id='word_1_118' title='bbox 1110 1998 1277 2090; x_wconf 74' lang='lat' dir='ltr'><strong>probanda</strong></span> 
     </span>
     <span class='ocr_line' id='line_1_16' title="bbox 178 2106 1277 2194; baseline 0 -22"><span class='ocrx_word' id='word_1_119' title='bbox 178 2107 361 2172; x_wconf 86' lang='lat' dir='ltr'><strong>necessaria</strong></span> <span class='ocrx_word' id='word_1_120' title='bbox 388 2115 480 2172; x_wconf 85' lang='lat' dir='ltr'><strong>erant</strong></span> <span class='ocrx_word' id='word_1_121' title='bbox 511 2129 553 2172; x_wconf 84' lang='lat' dir='ltr'><strong>cx</strong></span> <span class='ocrx_word' id='word_1_122' title='bbox 583 2106 675 2171; x_wconf 88' lang='lat' dir='ltr'><strong>initio</strong></span> <span class='ocrx_word' id='word_1_123' title='bbox 698 2107 805 2194; x_wconf 89' lang='lat' dir='ltr'><strong>operis</strong></span> <span class='ocrx_word' id='word_1_124' title='bbox 831 2107 1001 2194; x_wconf 84' lang='lat' dir='ltr'><strong>repetiisse</strong></span> <span class='ocrx_word' id='word_1_125' title='bbox 1025 2116 1277 2172; x_wconf 86' lang='lat' dir='ltr'><strong>consentaneum</strong></span> 
     </span>
     <span class='ocr_line' id='line_1_17' title="bbox 179 2215 1277 2300; baseline 0.002 -21"><span class='ocrx_word' id='word_1_126' title='bbox 179 2227 237 2282; x_wconf 90' lang='lat' dir='ltr'><strong>cst.</strong></span> <span class='ocrx_word' id='word_1_127' title='bbox 279 2226 411 2282; x_wconf 87' lang='lat' dir='ltr'><strong>secutus</strong></span> <span class='ocrx_word' id='word_1_128' title='bbox 435 2226 484 2282; x_wconf 86' lang='lat' dir='ltr'><strong>cst</strong></span> <span class='ocrx_word' id='word_1_129' title='bbox 505 2226 541 2280; x_wconf 92' lang='lat' dir='ltr'><strong>ut</strong></span> <span class='ocrx_word' id='word_1_130' title='bbox 564 2215 707 2282; x_wconf 90' lang='lat' dir='ltr'><strong>uidimus</strong></span> <span class='ocrx_word' id='word_1_131' title='bbox 734 2217 853 2282; x_wconf 89' lang='lat' dir='ltr'><strong>stoicos</strong></span> <span class='ocrx_word' id='word_1_132' title='bbox 878 2216 933 2300; x_wconf 87' lang='lat' dir='ltr'><strong>(cf.</strong></span> <span class='ocrx_word' id='word_1_133' title='bbox 957 2217 994 2282; x_wconf 89' lang='lat' dir='ltr'><strong>R.</strong></span> <span class='ocrx_word' id='word_1_134' title='bbox 1012 2217 1162 2284; x_wconf 79' lang='lat' dir='ltr'><strong>Schmidt</strong></span> <span class='ocrx_word' id='word_1_135' title='bbox 1187 2217 1277 2284; x_wconf 79' lang='lat' dir='ltr'><strong>stolo.</strong></span> 
     </span>
     <span class='ocr_line' id='line_1_18' title="bbox 178 2306 1278 2413; baseline -0.002 -20"><span class='ocrx_word' id='word_1_136' title='bbox 178 2347 315 2410; x_wconf 83' lang='lat' dir='ltr'><strong>gramm.</strong></span> <span class='ocrx_word' id='word_1_137' title='bbox 346 2350 376 2413; x_wconf 90' lang='lat' dir='ltr'><strong>p.</strong></span> <span class='ocrx_word' id='word_1_138' title='bbox 400 2327 438 2391; x_wconf 89' lang='lat'><strong>16</strong></span> <span class='ocrx_word' id='word_1_139' title='bbox 457 2325 520 2410; x_wconf 88' lang='lat' dir='ltr'><strong>sq.)</strong></span> <span class='ocrx_word' id='word_1_140' title='bbox 553 2347 690 2410; x_wconf 86' lang='lat' dir='ltr'><strong>quorum</strong></span> <span class='ocrx_word' id='word_1_141' title='bbox 722 2325 926 2408; x_wconf 84' lang='lat' dir='ltr'><strong>sententiam,</strong></span> <span class='ocrx_word' id='word_1_142' title='bbox 958 2349 1054 2413; x_wconf 89' lang='lat' dir='ltr'><strong>quam</strong></span> <span class='ocrx_word' id='word_1_143' title='bbox 1081 2326 1146 2392; x_wconf 91' lang='lat' dir='ltr'><strong>iam</strong></span> <span class='ocrx_word' id='word_1_144' title='bbox 1171 2306 1278 2412; x_wconf 44' lang='lat' dir='ltr'><strong>¹supra</strong></span> 
     </span>
     <span class='ocr_line' id='line_1_19' title="bbox 179 2434 1280 2522; baseline 0 -22"><span class='ocrx_word' id='word_1_145' title='bbox 179 2434 226 2522; x_wconf 83' lang='lat' dir='ltr'><strong>(p.</strong></span> <span class='ocrx_word' id='word_1_146' title='bbox 239 2436 268 2500; x_wconf 89' lang='lat'><strong>6.</strong></span> <span class='ocrx_word' id='word_1_147' title='bbox 280 2435 335 2514; x_wconf 78' lang='lat'><strong>47)</strong></span> <span class='ocrx_word' id='word_1_148' title='bbox 353 2435 509 2518; x_wconf 89' lang='lat' dir='ltr'><strong>indicaui,</strong></span> <span class='ocrx_word' id='word_1_149' title='bbox 529 2458 616 2515; x_wconf 85' lang='lat' dir='ltr'><strong>nunc</strong></span> <span class='ocrx_word' id='word_1_150' title='bbox 636 2436 713 2502; x_wconf 85' lang='lat' dir='ltr'><strong>satis</strong></span> <span class='ocrx_word' id='word_1_151' title='bbox 729 2436 833 2502; x_wconf 87' lang='lat' dir='ltr'><strong>habeo</strong></span> <span class='ocrx_word' id='word_1_152' title='bbox 853 2435 1046 2507; x_wconf 83' lang='lat' dir='ltr'><strong>breuissime</strong></span> <span class='ocrx_word' id='word_1_153' title='bbox 1065 2435 1154 2502; x_wconf 77' lang='lat' dir='ltr'><strong>Gelli</strong></span> <span class='ocrx_word' id='word_1_154' title='bbox 1175 2434 1280 2518; x_wconf 78' lang='lat' dir='ltr'><strong>(vlo,</strong></span> 
     </span>
     <span class='ocr_line' id='line_1_20' title="bbox 178 2543 1282 2632; baseline -0.002 -25"><span class='ocrx_word' id='word_1_155' title='bbox 178 2545 288 2628; x_wconf 81' lang='lat' dir='ltr'><strong>3sq.).</strong></span> <span class='ocrx_word' id='word_1_156' title='bbox 306 2543 610 2631; x_wconf 50' lang='lat' dir='ltr'><strong>uerbisrprolerrc:</strong></span> <span class='ocrx_word' id='word_1_157' title='bbox 644 2545 773 2632; x_wconf 88' lang='lat' dir='ltr'><strong>‘corpus</strong></span> <span class='ocrx_word' id='word_1_158' title='bbox 803 2554 852 2610; x_wconf 89' lang='lat' dir='ltr'><strong>ost</strong></span> <span class='ocrx_word' id='word_1_159' title='bbox 875 2543 961 2630; x_wconf 89' lang='lat' dir='ltr'><strong>quod</strong></span> <span class='ocrx_word' id='word_1_160' title='bbox 985 2553 1040 2608; x_wconf 86' lang='lat' dir='ltr'><strong>aut</strong></span> <span class='ocrx_word' id='word_1_161' title='bbox 1067 2543 1211 2607; x_wconf 83' lang='lat' dir='ltr'><strong>efficiens</strong></span> <span class='ocrx_word' id='word_1_162' title='bbox 1233 2552 1282 2607; x_wconf 85' lang='lat' dir='ltr'><strong>cst</strong></span> 
     </span>
     <span class='ocr_line' id='line_1_21' title="bbox 179 2645 1280 2739; baseline -0.005 -21"><span class='ocrx_word' id='word_1_163' title='bbox 179 2662 234 2718; x_wconf 84' lang='lat' dir='ltr'><strong>aut</strong></span> <span class='ocrx_word' id='word_1_164' title='bbox 256 2650 394 2739; x_wconf 84' lang='lat' dir='ltr'><strong>patiens.</strong></span> <span class='ocrx_word' id='word_1_165' title='bbox 440 2651 474 2716; x_wconf 91' lang='lat' dir='ltr'><strong>id</strong></span> <span class='ocrx_word' id='word_1_166' title='bbox 498 2673 617 2736; x_wconf 83' lang='lat' dir='ltr'><strong>graece</strong></span> <span class='ocrx_word' id='word_1_167' title='bbox 642 2651 796 2717; x_wconf 86' lang='lat' dir='ltr'><strong>definitur</strong></span> <span class='ocrx_word' id='word_1_168' title='bbox 816 2646 850 2712; x_wconf 77' lang='lat' dir='ltr'><strong>tri</strong></span> <span class='ocrx_word' id='word_1_169' title='bbox 875 2646 1077 2731; x_wconf 61' lang='lat' dir='ltr'><strong>drot-aorasia</strong></span> <span class='ocrx_word' id='word_1_170' title='bbox 1101 2645 1119 2731; x_wconf 78' lang='grc' dir='ltr'><strong><em>ἢ</em></strong></span> <span class='ocrx_word' id='word_1_171' title='bbox 1145 2651 1280 2729; x_wconf 76' lang='grc' dir='ltr'><em>πάσχον.</em></span> 
     </span>
    </p>
   </div>
   <div class='ocr_carea' id='block_1_3' title="bbox 181 2760 1398 2850">
    <p class='ocr_par' dir='ltr' id='par_1_4' title="bbox 181 2760 1398 2850">
     <span class='ocr_line' id='line_1_22' title="bbox 181 2760 1398 2850; baseline -0.001 -25"><span class='ocrx_word' id='word_1_172' title='bbox 181 2781 277 2850; x_wconf 82' lang='lat' dir='ltr'><strong>quam</strong></span> <span class='ocrx_word' id='word_1_173' title='bbox 298 2760 522 2826; x_wconf 87' lang='lat' dir='ltr'><strong>definitionem</strong></span> <span class='ocrx_word' id='word_1_174' title='bbox 546 2761 730 2847; x_wconf 85' lang='lat' dir='ltr'><strong>significare</strong></span> <span class='ocrx_word' id='word_1_175' title='bbox 763 2762 878 2826; x_wconf 84' lang='lat' dir='ltr'><strong>uolens</strong></span> <span class='ocrx_word' id='word_1_176' title='bbox 907 2760 1080 2826; x_wconf 86' lang='lat' dir='ltr'><strong>Lucretius</strong></span> <span class='ocrx_word' id='word_1_177' title='bbox 1111 2770 1207 2848; x_wconf 84' lang='lat' dir='ltr'><strong>pocta</strong></span> <span class='ocrx_word' id='word_1_178' title='bbox 1237 2762 1281 2825; x_wconf 88' lang='lat' dir='ltr'><strong>ita</strong></span> <span class='ocrx_word' id='word_1_179' title='bbox 1396 2820 1398 2824; x_wconf 86' lang='grc'><em>,</em></span> 
     </span>
    </p>
   </div>
   <div class='ocr_carea' id='block_1_4' title="bbox 172 2871 1281 3281">
    <p class='ocr_par' dir='ltr' id='par_1_5' title="bbox 172 2871 1281 3281">
     <span class='ocr_line' id='line_1_23' title="bbox 180 2871 1280 2959; baseline -0.002 -23"><span class='ocrx_word' id='word_1_180' title='bbox 180 2871 307 2959; x_wconf 88' lang='lat' dir='ltr'><strong>scripsit</strong></span> <span class='ocrx_word' id='word_1_181' title='bbox 330 2881 447 2952; x_wconf 67' lang='lat' dir='ltr'><strong>lantpero</strong></span> <span class='ocrx_word' id='word_1_182' title='bbox 468 2877 543 2936; x_wconf 76' lang='lat' dir='ltr'><strong>caira</strong></span> <span class='ocrx_word' id='word_1_183' title='bbox 562 2882 614 2936; x_wconf 81' lang='lat' dir='ltr'><strong>aut</strong></span> <span class='ocrx_word' id='word_1_184' title='bbox 630 2879 712 2952; x_wconf 69' lang='lat' dir='ltr'><strong>tonui</strong></span> <span class='ocrx_word' id='word_1_185' title='bbox 722 2877 780 2936; x_wconf 70' lang='lat' dir='ltr'><strong>atsi</strong></span> <span class='ocrx_word' id='word_1_186' title='bbox 791 2895 899 2950; x_wconf 75' lang='lat' dir='ltr'><strong>corpus</strong></span> <span class='ocrx_word' id='word_1_187' title='bbox 908 2879 1138 2950; x_wconf 78' lang='lat' dir='ltr'><strong>allapotestres</strong></span> <span class='ocrx_word' id='word_1_188' title='bbox 1152 2871 1280 2954; x_wconf 75' lang='lat'><strong>(1304).</strong></span> 
     </span>
     <span class='ocr_line' id='line_1_24' title="bbox 180 2970 1279 3066; baseline 0 -22"><span class='ocrx_word' id='word_1_189' title='bbox 180 2979 242 3046; x_wconf 93' lang='lat' dir='ltr'><strong>alio</strong></span> <span class='ocrx_word' id='word_1_190' title='bbox 266 3000 394 3066; x_wconf 88' lang='lat' dir='ltr'><strong>quoquc</strong></span> <span class='ocrx_word' id='word_1_191' title='bbox 419 2978 514 3044; x_wconf 86' lang='lat' dir='ltr'><strong>modo</strong></span> <span class='ocrx_word' id='word_1_192' title='bbox 539 2974 651 3064; x_wconf 83' lang='lat' dir='ltr'><strong>graeci</strong></span> <span class='ocrx_word' id='word_1_193' title='bbox 676 2978 789 3042; x_wconf 88' lang='lat' dir='ltr'><strong>dicunt</strong></span> <span class='ocrx_word' id='word_1_194' title='bbox 810 2970 842 3038; x_wconf 75' lang='grc' dir='ltr'><strong>τό</strong></span> <span class='ocrx_word' id='word_1_195' title='bbox 865 2975 961 3058; x_wconf 74' lang='grc' dir='ltr'><strong><em>τρὶχῆ</em></strong></span> <span class='ocrx_word' id='word_1_196' title='bbox 996 2975 1176 3038; x_wconf 72' lang='grc' dir='ltr'><strong><em>ὁίιίστάιον.</em></strong></span> <span class='ocrx_word' id='word_1_197' title='bbox 1223 2981 1279 3044; x_wconf 85' lang='lat' dir='ltr'><strong>scd</strong></span> 
     </span>
     <span class='ocr_line' id='line_1_25' title="bbox 178 3071 1281 3182; baseline 0.002 -28"><span class='ocrx_word' id='word_1_198' title='bbox 178 3085 293 3176; x_wconf 73' lang='lat' dir='ltr'><strong>uocem</strong></span> <span class='ocrx_word' id='word_1_199' title='bbox 317 3088 408 3156; x_wconf 88' lang='lat' dir='ltr'><strong>stoici</strong></span> <span class='ocrx_word' id='word_1_200' title='bbox 433 3111 551 3176; x_wconf 88' lang='lat' dir='ltr'><strong>corpus</strong></span> <span class='ocrx_word' id='word_1_201' title='bbox 575 3111 645 3156; x_wconf 86' lang='lat' dir='ltr'><strong>csso</strong></span> <span class='ocrx_word' id='word_1_202' title='bbox 669 3089 868 3172; x_wconf 73' lang='lat' dir='ltr'><strong>contendunt</strong></span> <span class='ocrx_word' id='word_1_203' title='bbox 889 3111 1028 3176; x_wconf 81' lang='lat' dir='ltr'><strong>eamque</strong></span> <span class='ocrx_word' id='word_1_204' title='bbox 1052 3071 1165 3182; x_wconf 79' lang='lat' dir='ltr'><strong>dicunt</strong></span> <span class='ocrx_word' id='word_1_205' title='bbox 1182 3091 1281 3156; x_wconf 87' lang='lat' dir='ltr'><strong>ictum</strong></span> 
     </span>
     <span class='ocr_line' id='line_1_26' title="bbox 172 3196 1280 3281; baseline 0 -17"><span class='ocrx_word' id='word_1_206' title='bbox 172 3199 274 3275; x_wconf 66' lang='lat' dir='ltr'><strong>acad.</strong></span> <span class='ocrx_word' id='word_1_207' title='bbox 287 3197 327 3281; x_wconf 68' lang='grc' dir='ltr'><strong>2)Ι</strong></span> <span class='ocrx_word' id='word_1_208' title='bbox 359 3198 410 3263; x_wconf 89' lang='lat' dir='ltr'><strong>his</strong></span> <span class='ocrx_word' id='word_1_209' title='bbox 434 3196 605 3267; x_wconf 81' lang='lat' dir='ltr'><strong>coniuncta</strong></span> <span class='ocrx_word' id='word_1_210' title='bbox 626 3206 696 3264; x_wconf 82' lang='lat' dir='ltr'><strong>erat</strong></span> <span class='ocrx_word' id='word_1_211' title='bbox 719 3196 882 3266; x_wconf 82' lang='lat' dir='ltr'><strong>distinctio</strong></span> <span class='ocrx_word' id='word_1_212' title='bbox 903 3199 992 3264; x_wconf 88' lang='lat' dir='ltr'><strong>uocis</strong></span> <span class='ocrx_word' id='word_1_213' title='bbox 1019 3199 1280 3276; x_wconf 72' lang='lat' dir='ltr'><strong>inarticulatam</strong></span> 
     </span>
    </p>
   </div>
   <div class='ocr_carea' id='block_1_5' title="bbox 178 3383 352 3395">
    <p class='ocr_par' dir='ltr' id='par_1_6' title="bbox 178 3383 352 3395">
     <span class='ocr_line' id='line_1_27' title="bbox 178 3383 352 3395; baseline 0 -1"><span class='ocrx_word' id='word_1_214' title='bbox 178 3383 265 3395; x_wconf 43' lang='grc' dir='ltr'><em>..η-Δ.</em></span> <span class='ocrx_word' id='word_1_215' title='bbox 272 3387 352 3394; x_wconf 47' lang='lat' dir='ltr'><strong>..u--</strong></span> 
     </span>
    </p>
   </div>
   <div class='ocr_carea' id='block_1_6' title="bbox 176 3497 1338 4070">
    <p class='ocr_par' dir='ltr' id='par_1_7' title="bbox 176 3497 1338 4070">
     <span class='ocr_line' id='line_1_28' title="bbox 178 3497 1280 3588; baseline -0.005 -13"><span class='ocrx_word' id='word_1_216' title='bbox 178 3519 354 3574; x_wconf 84' lang='lat' dir='ltr'><strong>uoluntariae</strong></span> <span class='ocrx_word' id='word_1_217' title='bbox 375 3519 527 3588; x_wconf 88' lang='lat' dir='ltr'><strong>opponitur</strong></span> <span class='ocrx_word' id='word_1_218' title='bbox 545 3518 588 3586; x_wconf 85' lang='lat' dir='ltr'><strong>(cl.</strong></span> <span class='ocrx_word' id='word_1_219' title='bbox 599 3518 664 3572; x_wconf 87' lang='lat' dir='ltr'><strong>VIII</strong></span> <span class='ocrx_word' id='word_1_220' title='bbox 681 3519 715 3572; x_wconf 79' lang='lat'><strong>22</strong></span> <span class='ocrx_word' id='word_1_221' title='bbox 735 3537 762 3588; x_wconf 87' lang='lat' dir='ltr'><strong>p.</strong></span> <span class='ocrx_word' id='word_1_222' title='bbox 778 3517 839 3572; x_wconf 80' lang='lat'><strong>409.</strong></span> <span class='ocrx_word' id='word_1_223' title='bbox 860 3516 927 3572; x_wconf 73' lang='lat' dir='ltr'><strong>xm</strong></span> <span class='ocrx_word' id='word_1_224' title='bbox 946 3534 973 3586; x_wconf 87' lang='lat' dir='ltr'><strong>p.</strong></span> <span class='ocrx_word' id='word_1_225' title='bbox 988 3497 1063 3582; x_wconf 79' lang='lat'><strong>574),</strong></span> <span class='ocrx_word' id='word_1_226' title='bbox 1081 3515 1280 3571; x_wconf 76' lang='lat' dir='ltr'><strong>auctoritatem</strong></span> 
     </span>
     <span class='ocr_line' id='line_1_29' title="bbox 179 3611 1238 3684; baseline -0.004 -14"><span class='ocrx_word' id='word_1_227' title='bbox 179 3621 278 3670; x_wconf 82' lang='lat' dir='ltr'><strong>contra</strong></span> <span class='ocrx_word' id='word_1_228' title='bbox 298 3615 379 3668; x_wconf 86' lang='lat' dir='ltr'><strong>simul</strong></span> <span class='ocrx_word' id='word_1_229' title='bbox 397 3615 628 3684; x_wconf 74' lang='lat' dir='ltr'><strong>conprehendunt</strong></span> <span class='ocrx_word' id='word_1_230' title='bbox 645 3633 711 3668; x_wconf 84' lang='lat' dir='ltr'><strong>usus</strong></span> <span class='ocrx_word' id='word_1_231' title='bbox 730 3619 759 3668; x_wconf 90' lang='lat' dir='ltr'><strong>et</strong></span> <span class='ocrx_word' id='word_1_232' title='bbox 777 3613 948 3668; x_wconf 83' lang='lat' dir='ltr'><strong>cousuetudo</strong></span> <span class='ocrx_word' id='word_1_233' title='bbox 969 3611 1012 3677; x_wconf 78' lang='lat' dir='ltr'><strong>(of.</strong></span> <span class='ocrx_word' id='word_1_234' title='bbox 1030 3611 1058 3664; x_wconf 91' lang='lat' dir='ltr'>X</span> <span class='ocrx_word' id='word_1_235' title='bbox 1072 3611 1106 3664; x_wconf 86' lang='grc'><strong>73</strong></span> <span class='ocrx_word' id='word_1_236' title='bbox 1123 3630 1150 3680; x_wconf 81' lang='lat' dir='ltr'><strong>p.</strong></span> <span class='ocrx_word' id='word_1_237' title='bbox 1164 3611 1238 3678; x_wconf 80' lang='lat'><strong>585).</strong></span> 
     </span>
     <span class='ocr_line' id='line_1_30' title="bbox 279 3707 1279 3782; baseline -0.005 -17"><span class='ocrx_word' id='word_1_238' title='bbox 279 3712 306 3780; x_wconf 82' lang='lat'><strong>1)</strong></span> <span class='ocrx_word' id='word_1_239' title='bbox 324 3715 422 3782; x_wconf 62' lang='lat' dir='ltr'><strong>religio</strong></span> <span class='ocrx_word' id='word_1_240' title='bbox 451 3711 540 3766; x_wconf 86' lang='lat' dir='ltr'><strong>edidit</strong></span> <span class='ocrx_word' id='word_1_241' title='bbox 568 3711 702 3780; x_wconf 82' lang='lat' dir='ltr'><strong>Spalding</strong></span> <span class='ocrx_word' id='word_1_242' title='bbox 726 3714 857 3782; x_wconf 71' lang='lat' dir='ltr'><strong>relipiosa</strong></span> <span class='ocrx_word' id='word_1_243' title='bbox 873 3709 960 3762; x_wconf 86' lang='lat' dir='ltr'><strong>habet</strong></span> <span class='ocrx_word' id='word_1_244' title='bbox 977 3707 1177 3762; x_wconf 83' lang='lat' dir='ltr'><strong>Ambrosianus</strong></span> <span class='ocrx_word' id='word_1_245' title='bbox 1196 3707 1217 3773; x_wconf 91' lang='lat'><strong>1,</strong></span> <span class='ocrx_word' id='word_1_246' title='bbox 1228 3730 1279 3761; x_wconf 71' lang='lat' dir='ltr'><strong>re-</strong></span> 
     </span>
     <span class='ocr_line' id='line_1_31' title="bbox 180 3803 1338 3880; baseline -0.007 -16"><span class='ocrx_word' id='word_1_247' title='bbox 180 3812 245 3880; x_wconf 69' lang='lat' dir='ltr'><strong>lipia</strong></span> <span class='ocrx_word' id='word_1_248' title='bbox 265 3807 479 3878; x_wconf 80' lang='lat' dir='ltr'><strong>Bambergenais</strong></span> <span class='ocrx_word' id='word_1_249' title='bbox 497 3807 540 3876; x_wconf 86' lang='lat' dir='ltr'><strong>(de</strong></span> <span class='ocrx_word' id='word_1_250' title='bbox 559 3825 611 3876; x_wconf 91' lang='lat' dir='ltr'><strong>quo</strong></span> <span class='ocrx_word' id='word_1_251' title='bbox 631 3807 674 3861; x_wconf 62' lang='lat' dir='ltr'><strong>cl.⁸</strong></span> <span class='ocrx_word' id='word_1_252' title='bbox 686 3806 805 3860; x_wconf 81' lang='lat' dir='ltr'><strong>O.Halm</strong></span> <span class='ocrx_word' id='word_1_253' title='bbox 824 3807 881 3860; x_wconf 86' lang='lat' dir='ltr'><strong>ber.</strong></span> <span class='ocrx_word' id='word_1_254' title='bbox 904 3805 929 3858; x_wconf 91' lang='lat' dir='ltr'><strong>d.</strong></span> <span class='ocrx_word' id='word_1_255' title='bbox 951 3804 1096 3858; x_wconf 84' lang='lat' dir='ltr'><strong>mueuchn.</strong></span> <span class='ocrx_word' id='word_1_256' title='bbox 1120 3803 1197 3858; x_wconf 86' lang='lat' dir='ltr'><strong>acad.</strong></span> <span class='ocrx_word' id='word_1_257' title='bbox 1213 3803 1281 3858; x_wconf 83' lang='lat'>1863</span> <span class='ocrx_word' id='word_1_258' title='bbox 1337 3861 1338 3866; x_wconf 66' lang='lat'>,</span> 
     </span>
     <span class='ocr_line' id='line_1_32' title="bbox 176 3899 1281 3973; baseline -0.005 -16"><span class='ocrx_word' id='word_1_259' title='bbox 176 3922 204 3973; x_wconf 85' lang='lat' dir='ltr'><strong>p.</strong></span> <span class='ocrx_word' id='word_1_260' title='bbox 222 3904 295 3970; x_wconf 83' lang='grc'>391).</span> <span class='ocrx_word' id='word_1_261' title='bbox 331 3904 405 3957; x_wconf 83' lang='lat' dir='ltr'><strong>idom</strong></span> <span class='ocrx_word' id='word_1_262' title='bbox 426 3907 504 3957; x_wconf 85' lang='lat' dir='ltr'><strong>recte</strong></span> <span class='ocrx_word' id='word_1_263' title='bbox 530 3903 635 3956; x_wconf 86' lang='lat' dir='ltr'><strong>deleuit</strong></span> <span class='ocrx_word' id='word_1_264' title='bbox 659 3906 713 3969; x_wconf 82' lang='lat' dir='ltr'><strong>uel,</strong></span> <span class='ocrx_word' id='word_1_265' title='bbox 733 3901 816 3970; x_wconf 51' lang='lat' dir='ltr'><strong>¹quod</strong></span> <span class='ocrx_word' id='word_1_266' title='bbox 840 3902 869 3954; x_wconf 89' lang='lat' dir='ltr'><strong>in</strong></span> <span class='ocrx_word' id='word_1_267' title='bbox 888 3901 984 3955; x_wconf 87' lang='lat' dir='ltr'><strong>codicc</strong></span> <span class='ocrx_word' id='word_1_268' title='bbox 1004 3899 1206 3967; x_wconf 80' lang='lat' dir='ltr'><strong>Bambergensi</strong></span> <span class='ocrx_word' id='word_1_269' title='bbox 1224 3917 1281 3952; x_wconf 88' lang='lat' dir='ltr'><strong>non</strong></span> 
     </span>
     <span class='ocr_line' id='line_1_33' title="bbox 178 3994 1281 4070; baseline -0.01 -16"><span class='ocrx_word' id='word_1_270' title='bbox 178 4001 294 4070; x_wconf 83' lang='lat' dir='ltr'><strong>legitur:</strong></span> <span class='ocrx_word' id='word_1_271' title='bbox 313 4017 403 4054; x_wconf 83' lang='lat' dir='ltr'><strong>sermo</strong></span> <span class='ocrx_word' id='word_1_272' title='bbox 422 4004 533 4054; x_wconf 81' lang='lat' dir='ltr'><strong>oonstat</strong></span> <span class='ocrx_word' id='word_1_273' title='bbox 546 3999 654 4053; x_wconf 85' lang='lat' dir='ltr'><strong>ratione</strong></span> <span class='ocrx_word' id='word_1_274' title='bbox 668 4002 712 4053; x_wconf 79' lang='lat' dir='ltr'><strong>uel</strong></span> <span class='ocrx_word' id='word_1_275' title='bbox 728 4002 870 4052; x_wconf 84' lang='lat' dir='ltr'><strong>uetustate</strong></span> <span class='ocrx_word' id='word_1_276' title='bbox 885 3996 1056 4053; x_wconf 80' lang='lat' dir='ltr'><strong>auctoritate</strong></span> <span class='ocrx_word' id='word_1_277' title='bbox 1071 3994 1281 4052; x_wconf 84' lang='lat' dir='ltr'><strong>consuetudine.</strong></span> 
     </span>
    </p>
   </div>
   <div class='ocr_carea' id='block_1_7' title="bbox 180 4090 1283 4358">
    <p class='ocr_par' dir='ltr' id='par_1_8' title="bbox 180 4090 1283 4358">
     <span class='ocr_line' id='line_1_34' title="bbox 278 4090 1282 4165; baseline -0.006 -15"><span class='ocrx_word' id='word_1_278' title='bbox 278 4097 306 4165; x_wconf 80' lang='lat'><strong>2)</strong></span> <span class='ocrx_word' id='word_1_279' title='bbox 325 4096 396 4150; x_wconf 79' lang='lat' dir='ltr'><strong>Gelli</strong></span> <span class='ocrx_word' id='word_1_280' title='bbox 414 4099 500 4164; x_wconf 80' lang='lat' dir='ltr'><strong>caput</strong></span> <span class='ocrx_word' id='word_1_281' title='bbox 519 4113 534 4148; x_wconf 89' lang='lat' dir='ltr'><strong>c</strong></span> <span class='ocrx_word' id='word_1_282' title='bbox 551 4095 627 4148; x_wconf 86' lang='lat' dir='ltr'><strong>fonte</strong></span> <span class='ocrx_word' id='word_1_283' title='bbox 647 4111 749 4162; x_wconf 72' lang='lat' dir='ltr'><strong>gruem</strong></span> <span class='ocrx_word' id='word_1_284' title='bbox 768 4092 925 4146; x_wconf 86' lang='lat' dir='ltr'><strong>deriuatum</strong></span> <span class='ocrx_word' id='word_1_285' title='bbox 944 4109 1005 4146; x_wconf 82' lang='lat' dir='ltr'><strong>esse</strong></span> <span class='ocrx_word' id='word_1_286' title='bbox 1022 4092 1085 4144; x_wconf 85' lang='lat' dir='ltr'><strong>uari</strong></span> <span class='ocrx_word' id='word_1_287' title='bbox 1106 4091 1195 4144; x_wconf 84' lang='lat' dir='ltr'><strong>simile</strong></span> <span class='ocrx_word' id='word_1_288' title='bbox 1214 4090 1282 4146; x_wconf 83' lang='lat' dir='ltr'><strong>facit</strong></span> 
     </span>
     <span class='ocr_line' id='line_1_35' title="bbox 180 4179 1283 4268; baseline -0.005 -22"><span class='ocrx_word' id='word_1_289' title='bbox 180 4191 350 4268; x_wconf 83' lang='lat' dir='ltr'><strong>Theodosius</strong></span> <span class='ocrx_word' id='word_1_290' title='bbox 367 4209 395 4260; x_wconf 84' lang='lat' dir='ltr'><strong>p.</strong></span> <span class='ocrx_word' id='word_1_291' title='bbox 409 4190 450 4256; x_wconf 81' lang='lat'><strong>15,</strong></span> <span class='ocrx_word' id='word_1_292' title='bbox 470 4190 517 4244; x_wconf 89' lang='lat' dir='ltr'><strong>ubi</strong></span> <span class='ocrx_word' id='word_1_293' title='bbox 537 4190 625 4244; x_wconf 87' lang='lat' dir='ltr'><strong>cidem</strong></span> <span class='ocrx_word' id='word_1_294' title='bbox 642 4193 768 4242; x_wconf 80' lang='lat' dir='ltr'><strong>auctores</strong></span> <span class='ocrx_word' id='word_1_295' title='bbox 788 4191 948 4242; x_wconf 83' lang='lat' dir='ltr'><strong>recurrunt:</strong></span> <span class='ocrx_word' id='word_1_296' title='bbox 967 4185 981 4238; x_wconf 88' lang='grc' dir='ltr'>ὁ</span> <span class='ocrx_word' id='word_1_297' title='bbox 1002 4187 1032 4238; x_wconf 77' lang='lat' dir='ltr'><strong>dl</strong></span> <span class='ocrx_word' id='word_1_298' title='bbox 1044 4179 1221 4258; x_wconf 77' lang='grc' dir='ltr'><strong><em>Δημόκριτος</em></strong></span> <span class='ocrx_word' id='word_1_299' title='bbox 1237 4191 1283 4240; x_wconf 79' lang='grc' dir='ltr'><strong>καὶ</strong></span> 
     </span>
     <span class='ocr_line' id='line_1_36' title="bbox 182 4277 1282 4358; baseline -0.003 -17"><span class='ocrx_word' id='word_1_300' title='bbox 182 4285 196 4341; x_wconf 91' lang='grc' dir='ltr'>ὁ</span> <span class='ocrx_word' id='word_1_301' title='bbox 214 4284 371 4358; x_wconf 80' lang='grc' dir='ltr'><strong><em>Ἐπίκουρος</em></strong></span> <span class='ocrx_word' id='word_1_302' title='bbox 389 4291 434 4340; x_wconf 79' lang='grc' dir='ltr'><strong>καὶ</strong></span> <span class='ocrx_word' id='word_1_303' title='bbox 452 4290 479 4339; x_wconf 75' lang='grc' dir='ltr'><strong>οἱ</strong></span> <span class='ocrx_word' id='word_1_304' title='bbox 496 4290 622 4340; x_wconf 74' lang='grc' dir='ltr'><em>Στωικοὶ·</em></span> <span class='ocrx_word' id='word_1_305' title='bbox 635 4286 716 4358; x_wconf 77' lang='grc' dir='ltr'><strong><em>σῶμα</em></strong></span> <span class='ocrx_word' id='word_1_306' title='bbox 735 4286 845 4354; x_wconf 73' lang='grc' dir='ltr'><em>λέγουσι</em></span> <span class='ocrx_word' id='word_1_307' title='bbox 863 4281 911 4350; x_wconf 76' lang='grc' dir='ltr'><strong>τὴν</strong></span> <span class='ocrx_word' id='word_1_308' title='bbox 930 4279 1034 4356; x_wconf 79' lang='grc' dir='ltr'><em>φωνὴν,</em></span> <span class='ocrx_word' id='word_1_309' title='bbox 1055 4277 1097 4338; x_wconf 74' lang='grc' dir='ltr'><strong>ὅτι</strong></span> <span class='ocrx_word' id='word_1_310' title='bbox 1116 4283 1173 4340; x_wconf 80' lang='grc' dir='ltr'><strong>πᾶν</strong></span> <span class='ocrx_word' id='word_1_311' title='bbox 1191 4279 1206 4337; x_wconf 74' lang='grc' dir='ltr'>ὃ</span> <span class='ocrx_word' id='word_1_312' title='bbox 1226 4283 1282 4354; x_wconf 76' lang='grc' dir='ltr'><em>ἔχει</em></span> 
     </span>
    </p>
   </div>
   <div class='ocr_carea' id='block_1_8' title="bbox 1081 4377 1097 4432">
    <p class='ocr_par' dir='ltr' id='par_1_9' title="bbox 1081 4377 1097 4432">
     <span class='ocr_line' id='line_1_37' title="bbox 1081 4377 1097 4432; baseline 0 0"><span class='ocrx_word' id='word_1_313' title='bbox 1081 4377 1097 4432; x_wconf 91' lang='grc'><strong>6</strong></span> 
     </span>
    </p>
   </div>
   <div class='ocr_carea' id='block_1_9' title="bbox 0 0 1570 5146">
    <p class='ocr_par' dir='ltr' id='par_1_10' title="bbox 0 0 1570 5146">
     <span class='ocr_line' id='line_1_38' title="bbox 0 0 1570 5146; baseline 0 0"><span class='ocrx_word' id='word_1_314' title='bbox 0 0 1570 5146; x_wconf 95' lang='lat' dir='ltr'><strong> </strong></span> 
     </span>
    </p>
   </div>
  </div>
 </body>
</html>
