3126 5146
677 410 680 416 ’
732 425 789 484 101

214 605 337 690 dertpp
357 603 568 687 γραμμμτικῇ
589 601 850 690 Aristophanum
863 601 1197 686 Aristarchorumque
1220 602 1313 688 inge·

217 712 309 780 nium
328 722 425 800 atque
447 712 554 780 studia
576 712 711 778 uersari.
739 733 811 780 cum
836 713 897 780 hac
919 733 998 778 uero
1022 711 1193 796 diuisione,
1217 734 1313 799 quam

214 821 394 890 secundum
413 805 552 908 graecos
573 821 757 886 Varronem
779 821 953 909 protulisse
973 820 1132 903 uidemus,
1165 841 1311 886 conexae

212 949 283 998 esse
308 929 430 998 debent
450 930 533 996 duae
553 929 774 1017 expositiones
790 929 831 994 de
846 929 1133 1018 grammaticorum
1148 927 1263 994 officiis
1274 928 1313 1014 ¹),

213 1060 296 1125 quae
317 1040 405 1108 inter
428 1061 463 1106 se
487 1039 636 1106 diuersae
657 1061 719 1104 nec
746 1039 850 1106 altera
879 1061 921 1104 ex
943 1039 1046 1104 altera
1075 1037 1256 1105 deriuanda
1278 1048 1312 1102 et
1373 1111 1378 1119 ‚

211 1169 406 1232 graecorum
437 1146 709 1236 explicationibus
740 1147 774 1214 in
804 1146 994 1214 uniuersum
1024 1147 1262 1233 respondentes
1293 1171 1312 1214 a

210 1256 432 1342 grammaticis
454 1256 637 1324 traduntur.
659 1256 890 1343 grammaticae
915 1257 1001 1322 enim
1030 1257 1137 1322 officia
1159 1264 1234 1336 sunt
1262 1277 1311 1323 se·

210 1366 354 1434 cundum
374 1367 509 1432 altarem
538 1375 667 1434 scribere
699 1373 792 1448 tepere
821 1373 988 1450 tatettepere
1006 1375 1136 1448 protare
1165 1367 1221 1450 (fr.
1243 1366 1313 1449 91),

210 1473 388 1541 secundum
413 1475 549 1540 alteram
574 1481 657 1542 tectio
679 1483 829 1540 enarratio
850 1482 1011 1542 emendatio
1024 1482 1167 1541 iadtcr'am
1179 1474 1233 1558 (fr.
1243 1474 1309 1558 93).

209 1584 379 1668 rationem,
403 1605 484 1674 quae
505 1583 592 1648 inter
613 1583 671 1649 has
690 1582 880 1666 intercedat,
900 1583 1047 1648 breuiter
1068 1585 1116 1650 sie
1137 1606 1310 1671 possumus

209 1690 398 1778 significare
422 1700 457 1756 ut
476 1689 621 1781 priorem
638 1689 869 1777 ludimagistri,
884 1691 1020 1756 alteram
1035 1691 1197 1778 philologi
1212 1713 1310 1777 quem

209 1800 309 1866 hodie
323 1799 526 1890 adpellamus
542 1823 659 1866 munus
681 1799 850 1882 continere
865 1799 1020 1867 dicamus.
1042 1800 1186 1888 priorem
1200 1810 1310 1866 autem

208 1933 288 1983 uum
309 1909 432 1976 Marius
453 1909 644 1976 Victorinus
664 1910 683 1975 I
703 1909 732 1991 1,
752 1910 772 1975 6
795 1933 828 2000 p.
847 1907 929 1975 2451
950 1909 987 1975 P.
1019 1919 1108 1975 recte
1138 1909 1309 1978 tradiderit

210 2017 335 2102 dubito,
364 2042 438 2086 cum
472 2025 505 2084 et
536 2018 649 2104 graeci
680 2019 856 2107 scriptores
888 2020 929 2085 de
958 2019 1101 2106 legendo
1126 2029 1252 2086 tantum
1275 2029 1309 2086 et

101 2215 104 2220 Ι
209 2126 382 2203 scribendo
404 2127 438 2192 in
458 2127 521 2194 hac
543 2149 580 2192 re
598 2127 773 2212 loquantur
798 2136 830 2192 et
857 2127 960 2213 latini,
984 2128 1039 2212 qui
1063 2129 1204 2194 eundem
1224 2127 1307 2193 Var-

210 2234 300 2300 ronis
321 2235 440 2320 librum
462 2243 537 2298 ante
552 2234 869 2320 oculoshabuerunt,
890 2245 927 2301 ut
937 2235 1118 2302 Diomedes
1130 2258 1162 2323 p.
1174 2237 1246 2321 426,
1258 2236 1309 2322 18,

210 2365 306 2430 quem
330 2343 488 2433 excripsit
500 2341 637 2410 Seruius
650 2342 684 2410 in
695 2343 850 2410 analectis
861 2343 1173 2410 Vindobonensibus
1194 2345 1308 2434 pala,

210 2451 373 2518 Maximus
385 2451 573 2518 Victorinus
593 2453 613 2515 2
633 2474 666 2539 p.
681 2453 760 2520 1937
774 2451 811 2517 Ρ.
833 2461 924 2518 recte
948 2453 1114 2519 scribendi
1135 2453 1307 2541 loquendi-

207 2584 270 2649 que
294 2563 454 2631 rationem
477 2570 722 2629 commemorent
751 2571 784 2627 et
807 2563 986 2630 Martianus
1011 2561 1147 2654 Capella
1171 2563 1224 2629 ΙΠ
1243 2562 1307 2628 230

209 2695 241 2760 p.
254 2673 293 2738 51
309 2671 367 2740 Gr.
397 2671 479 2737 haec
511 2672 575 2738 duo
609 2671 740 2738 disertis
774 2671 884 2736 uerbis
911 2674 951 2738 ab
974 2673 1109 2758 reliquis
1138 2683 1305 2740 secernat:

208 2787 337 2860 affictam
356 2804 460 2849 recreare
479 2806 573 2848 merea
591 2793 659 2848 turae
676 2787 778 2860 fuerat
799 2789 880 2848 docte
901 2790 1030 2849 seribere
1049 2790 1207 2866 tepereqae.
1231 2810 1310 2852 auec

209 2898 295 2957 etiarn
313 2897 391 2958 ettad
411 2900 538 2970 uocaset,
566 2902 599 2957 at
618 2916 712 2959 meam
731 2903 769 2960 se't
791 2899 903 2960 eredita
923 2898 1090 2976 tatcltepere
1107 2903 1306 2976 pectoreque.

214 3019 314 3083 quere
344 3000 452 3066 nescio
481 3025 524 3070 an
551 3001 752 3089 Victorinus,
785 3025 880 3093 quem
910 3005 990 3071 duas
1019 3005 1093 3071 illas
1126 3005 1308 3072 officiorum

210 3107 445 3198 explicationes
465 3110 553 3200 apud
582 3121 748 3178 auctorem
778 3137 872 3180 suum
901 3114 1087 3203 repperisse
1110 3114 1307 3180 uerisimile

210 3226 271 3304 est,
291 3239 346 3284 eas
360 3219 554 3308 confuderit,
571 3243 653 3308 quae
672 3219 831 3289 dubitatio
853 3233 992 3309 augetur
1011 3223 1037 3289 si
1056 3225 1187 3316 singula
1200 3226 1308 3314 perlu-

209 3336 359 3392 stramus.
393 3328 428 3394 iu
448 3337 601 3398 scribendo
619 3354 687 3398 non
707 3331 805 3398 uideo
827 3356 884 3398 cur
907 3333 1081 3399 offenderit
1104 3334 1209 3400 Lehrs
1233 3336 1254 3399 l.
1280 3359 1304 3402 s.

208 3459 242 3526 p.
253 3438 326 3523 437,
346 3463 422 3506 oum
443 3441 479 3505 id
499 3463 693 3530 graecorum
711 3443 999 3529 grammaticorum
1013 3444 1123 3508 uerbis
1137 3445 1308 3508 confirme-

209 3557 282 3630 tur3
314 3556 409 3632 tepere
437 3551 491 3616 hic
519 3551 710 3640 simpliciter
738 3552 921 3618 litterarum
952 3551 1104 3640 peritiam
1133 3552 1308 3638 significat,

209 3677 273 3742 qua
293 3658 442 3724 instructi
473 3661 566 3750 pueri
592 3661 748 3751 scriptum
782 3661 946 3747 quoddam
978 3661 1116 3727 recitare
1132 3687 1136 3694 ·
1150 3670 1307 3748 possunt3

206 3774 374 3851 tatatteqere
402 3789 532 3858 quoquc
556 3769 697 3855 quodam
726 3770 823 3842 modo
847 3769 888 3834 ad
910 3769 1099 3837 inferiorem
1123 3771 1309 3856 grammati-

209 3899 280 3942 cam
301 3879 427 3944 referre
447 3878 620 3967 possimus,
649 3879 711 3946 nisi
736 3879 907 3946 accederet
925 3887 1064 3962 probare.
1107 3881 1169 3946 hoc
1199 3887 1307 3944 autem

309 4128 337 4198 1)
355 4127 418 4185 Non
435 4127 534 4184 dubito
552 4129 620 4198 quin
640 4129 736 4184 eadem
759 4146 844 4184 causa
868 4147 923 4198 qua
941 4097 1066 4186 rhc'tcres
1086 4133 1230 4185 oratorum
1248 4129 1308 4184 offi-

208 4227 252 4282 cie
268 4232 432 4298 persecutos
450 4246 511 4288 esse
529 4228 693 4298 Spengelius
712 4229 795 4284 docet
812 4247 874 4284 nou.
886 4247 954 4285 mus.
968 4231 1009 4284 rh.
1020 4231 1111 4286 XVIII
1124 4251 1150 4300 p.
1163 4231 1216 4286 493
1236 4231 1308 4284 hanc

208 4322 365 4387 officiorum
381 4323 600 4396 descriptionem
618 4321 795 4396 grammatici
813 4324 1043 4398 exsugimuerint.
