3152 5142
709 489 748 548 53

183 661 277 750 cipue
302 659 492 746 diligentius
514 661 685 728 excriberc
707 661 859 749 dignatus
888 665 941 749 (fr.
958 664 1025 750 60),
1058 673 1136 750 quot
1166 687 1280 732 accena

182 779 232 836 tus
254 770 415 858 probandi
436 771 502 838 sint
525 761 661 857 atquae
683 773 753 839 eius
776 774 819 840 sit
838 785 954 840 natura
974 774 1009 841 in
1030 775 1220 843 uniuersum
1248 787 1281 842 et

182 901 292 946 earum
316 901 395 964 quas
419 901 531 952 omnes
553 883 758 967 agnouerint.
799 881 887 968 quod
909 883 952 950 ad
972 905 1145 950 numerum
1164 908 1279 974 proso-

181 989 309 1054 diarum
330 989 457 1055 adtinet
476 989 728 1057 Athenodorum
749 992 1001 1080 peripateticum
1035 991 1124 1079 duas,
1153 994 1281 1080 Diony·

181 1099 265 1168 sium
286 1099 450 1165 Thracem
477 1109 544 1168 tres
573 1100 750 1167 secundum
773 1104 817 1169 M.
840 1103 1031 1168 Terentium
1055 1103 1212 1192 probasse
1233 1105 1279 1170 le-

181 1209 299 1296 gimus,
329 1210 574 1296 Tyrannionem
606 1233 686 1278 uero
716 1213 910 1279 Amisenum
944 1223 1095 1299 quattuor
1118 1215 1280 1300 statuisse,

182 1329 312 1407 praeter
332 1331 399 1386 tres
420 1320 574 1386 nimirum
595 1322 781 1388 notissimas
803 1322 943 1388 mediam
962 1346 1046 1412 quae
1057 1324 1142 1390 inter
1153 1334 1279 1390 acutam

182 1439 213 1494 et
235 1451 372 1516 grauem
393 1429 584 1519 interposita
605 1431 658 1516 sit,
679 1431 814 1516 eiusque
834 1433 1016 1499 auctoritati
1037 1433 1217 1498 Varronem
1243 1456 1278 1499 se

182 1537 378 1627 adplicuisse
401 1540 567 1626 multaque
590 1540 632 1605 ad
654 1563 725 1606 carn
748 1540 989 1606 defendendam
1012 1541 1197 1630 protulisse.
1232 1564 1281 1607 se·

180 1647 263 1714 riam
285 1658 554 1734 argumentorum
574 1659 714 1716 autnon
733 1651 897 1716 intellexit
919 1650 1055 1718 Seruius
1076 1660 1130 1715 aut
1152 1651 1279 1717 inuere-

182 1758 286 1824 cunda
307 1758 462 1843 confudit,
485 1771 568 1846 qua'e
587 1758 668 1824 haec
692 1761 769 1825 fuit:
810 1783 884 1826 cum
909 1758 991 1825 nihil
1015 1759 1049 1826 in
1073 1770 1188 1826 natura
1211 1760 1280 1826 sinc

182 1866 288 1932 media
316 1867 358 1932 sit
386 1877 489 1956 parte,
521 1869 604 1933 nulli
625 1870 725 1954 igitur
749 1869 878 1957 corpori
903 1890 939 1932 ea
963 1868 1056 1952 desit,
1083 1891 1150 1934 uox
1171 1879 1280 1936 autem

181 1975 222 2042 sit
245 1997 374 2062 corpus,
395 1975 429 2040 in
451 1975 512 2042 hac
534 1999 663 2065 quoqne
687 1977 827 2042 mediam
850 1976 1037 2065 prosodiam
1058 1999 1129 2044 csso
1145 1977 1278 2044 debere.

181 2084 301 2150 deinde
323 2084 365 2151 de
386 2085 519 2171 musica,
549 2109 631 2171 quae
664 2085 693 2150 ei
716 2086 828 2172 imago
850 2085 1022 2174 prosodiae
1047 2096 1106 2172 est,
1140 2086 1186 2152 sic
1209 2087 1280 2152 fere

181 2193 348 2283 scripsisse
372 2193 525 2260 traditur:
558 2196 731 2262 ‘neminem
755 2194 914 2262 musicum
945 2216 1027 2280 esse,
1060 2191 1278 2281 qui'mediam

181 2325 296 2369 nocem
317 2303 351 2368 in
374 2314 470 2369 cantu
493 2305 696 2390 ignorauerit
717 2329 779 2371 nec
796 2327 991 2392 quemquam
1005 2306 1149 2393 potuisse
1167 2306 1278 2372 dicere

180 2412 213 2478 in
235 2435 314 2478 sono
336 2414 532 2480 chordarum
555 2425 610 2480 ant
631 2437 713 2481 uoce
735 2415 887 2482 tibiarum
898 2417 923 2501 ¹)
949 2437 1062 2481 aasaue
1084 2416 1180 2500 (uoce
1202 2438 1277 2501 quas

180 2543 251 2598 rum
278 2523 384 2588 aliaue
413 2525 492 2606 ced.)
522 2545 602 2592 uoce
625 2525 823 2590 cantantium
847 2521 947 2606 μέσην
971 2545 1053 2609 esse,
1087 2524 1114 2590 si
1144 2533 1210 2589 non
1245 2524 1280 2589 in

181 2630 268 2696 omni
291 2632 384 2698 uocis
408 2643 522 2698 natura
544 2643 630 2700 esset
652 2633 793 2699 medium
817 2633 1015 2718 minimoque
1036 2632 1164 2716 mirum,
1185 2641 1222 2698 ut
1243 2633 1279 2696 in

182 2775 379 2788 -ι-σ--ι-ι--οω

278 2845 306 2912 1)
325 2845 369 2900 Ita
387 2845 565 2905 scribendum
583 2849 633 2901 est.
652 2863 717 2900 nam
735 2863 826 2915 neque
844 2846 977 2901 hocloco
998 2844 1087 2900 Wasii
1106 2846 1277 2898 attentatarum

180 2959 231 2998 neo
249 2943 343 3012 paullo
360 2923 855 3000 inferiusVindobonensiumcithara
875 2946 986 2998 eraditur
1004 2946 1067 3012 qaia
1086 2940 1277 2996 idoneumest.

180 3039 273 3106 tibiae,
295 3056 364 3108 quae
383 3057 438 3094 uox
457 3040 542 3094 etiam
560 3041 632 3094 inira
649 3061 676 3110 p.
686 3041 739 3094 533
761 3046 830 3096 tiata
851 3041 1019 3106 (correctum
1037 3055 1072 3092 ex
1090 3038 1160 3108 atta)
1181 3036 1278 3092 scribi·

180 3139 233 3201 tur,
252 3135 282 3188 in
299 3135 342 3189 his
360 3137 443 3190 rebus
462 3137 563 3205 ubique
582 3142 833 3204 commorantur,
862 3142 890 3190 et
906 3136 995 3190 Varro
1013 3135 1147 3190 hocloco
1165 3133 1276 3188 notissi-

180 3250 287 3286 morum
304 3249 471 3302 organorum
490 3233 660 3288 musicorum
678 3233 804 3302 exemplo
823 3215 1013 3287 demonstrare
1028 3232 1098 3299 uolt,
1116 3229 1277 3299 quidsonus

180 3329 286 3383 medius
306 3329 351 3383 sit.
372 3334 445 3401 μέση
465 3334 559 3384 autem
577 3331 707 3400 primitus
727 3331 924 3386 nominabatur
943 3328 1035 3384 media
1057 3327 1162 3383 chorda
1181 3327 1279 3396 hepta-

182 3425 278 3480 chordi
304 3425 417 3495 eiusque
442 3443 525 3480 sonus
553 3427 644 3495 (Varr.
668 3428 702 3481 de
720 3428 737 3481 l.
756 3428 774 3480 l.
794 3427 820 3480 X
834 3427 869 3481 46
888 3445 914 3497 p.
929 3425 989 3480 571.
1029 3425 1064 3480 cf.
1087 3424 1186 3494 fragm.
1214 3427 1280 3493 post

182 3523 579 3593 Censorin.12,3p.901ahn·
603 3524 636 3578 R.
647 3525 792 3594 Westphal
811 3523 955 3578 harmonik
966 3541 992 3578 u.
1012 3522 1111 3590 melop.
1131 3520 1157 3574 d.
1173 3519 1280 3590 griech.

140 3655 143 3662 .
181 3637 206 3688 p.
219 3619 255 3674 84
270 3624 331 3689 sq·)‚
357 3625 456 3690 postea
484 3626 545 3675 erat
569 3625 646 3676 certa
672 3622 769 3674 notula
790 3620 895 3675 musica
914 3619 1035 3673 cuiusuis
1055 3617 1160 3686 organi,
1180 3633 1280 3684 quarn-
1359 3681 1361 3685 ι

182 3733 262 3784 quam
274 3716 369 3770 iamin
381 3717 552 3772 octachordo
570 3717 692 3772 nondum
712 3717 805 3770 media
823 3721 893 3782 erat,
915 3721 946 3770 ut
967 3720 1015 3769 aut-
1032 3717 1154 3767 metuam
1176 3729 1210 3766 ne
1231 3729 1280 3766 no-

181 3830 244 3868 men
263 3814 351 3882 magis
372 3829 453 3882 quarn
471 3831 530 3868 rem
547 3814 702 3868 Varronem
721 3815 885 3884 respexerit,
904 3818 954 3867 aut
969 3812 1015 3867 hio
1031 3827 1140 3881 quoque
1158 3809 1279 3878 uestigia

181 3908 329 3978 singularis
347 3910 541 3978 neglegentiae
560 3910 708 3966 Semianae
731 3910 870 3964 notandae
896 3910 960 3962 sint.
978 3908 1037 3962 noli
1064 3911 1157 3960 antem
1180 3905 1279 3958 mirari

182 4006 255 4073 quod
274 4011 332 4058 tarn
349 4006 482 4060 audacter
499 4009 552 4060 illa
574 4027 641 4076 quac
658 4005 687 4059 in
705 4010 783 4061 illam
802 4011 847 4076 qut
859 4005 980 4072 mutaui3
1000 4004 1029 4056 in
1042 4003 1192 4070 archetypo
1206 4001 1281 4053 enim

183 4120 197 4156 e
215 4121 270 4172 quo
289 4103 557 4157 codexLauantinus
569 4104 724 4174 descriptus
742 4113 786 4158 est
803 4105 891 4156 uerba
909 4101 1057 4155 admodum
1068 4098 1196 4153 breuiata
1207 4097 1280 4166 lego·

182 4201 291 4267 bantur,
317 4200 392 4254 unda
410 4202 558 4256 uerborum
583 4201 673 4254 exitus
696 4201 857 4270 saepissime
882 4202 1029 4267 corruptos
1049 4213 1108 4250 ease
1136 4196 1281 4249 adnotatio

183 4302 278 4352 nostra
294 4296 395 4352 critica
412 4297 502 4352 docet.
520 4315 584 4351 num
603 4301 696 4352 autem
715 4298 744 4350 in
771 4295 902 4350 extremis
927 4293 1020 4347 uerbis
1049 4298 1125 4347 recte
1145 4292 1278 4347 Varronis

184 4396 302 4446 mentem
322 4392 470 4447 adsecutus
490 4391 542 4446 sirn
562 4390 609 4460 qui
626 4392 667 4448 rei
687 4390 805 4459 musicae
823 4407 866 4444 me
883 4388 1032 4460 peritiores
1052 4393 1117 4443 stant
1134 4386 1256 4442 uideant.
