3126 5146
791 483 829 540 76

263 655 422 722 interiecti
450 657 547 722 animi
578 681 674 723 causa
699 657 744 722 ita
765 658 887 722 uocari.
933 667 1086 723 secuntur
1117 657 1274 745 quasdam
1301 657 1362 721 irc-

264 765 382 833 scentis
404 767 540 831 amantis
563 767 703 834 dolentis
728 768 889 856 exempla.
907 767 932 847 ι)

363 877 404 941 Iu
427 876 544 942 eodem
566 876 650 942 libro
674 877 714 942 dc
737 877 842 941 tribus
864 876 996 942 dicendi
1019 877 1196 963 generibus
1218 875 1360 963 apoetis

264 994 296 1048 et
321 985 501 1050 oratoribus
523 986 685 1074 usurpatis
708 986 801 1050 dixit.
826 985 918 1053 Gelli
945 987 1033 1050 enim
1065 985 1139 1054 libri
1160 985 1246 1062 sexti
1267 994 1363 1073 caput

264 1095 373 1161 XIIII
395 1105 556 1182 sumptum
572 1117 643 1162 esse
664 1117 707 1160 ex
728 1096 820 1162 libris
838 1095 880 1160 de
897 1113 1045 1161 sermone
1062 1087 1162 1160 latine
1178 1093 1361 1160 Ritsehelio

264 1225 330 1268 non
353 1204 557 1292 inprobabilc
578 1205 760 1285 uidebatur,
784 1204 836 1290 qui
860 1215 984 1289 quaest.
1001 1203 1096 1268 Varr.
1120 1229 1152 1292 p.
1166 1205 1205 1270 15
1230 1213 1263 1268 et
1285 1225 1360 1269 nou.

264 1335 344 1379 mus.
366 1311 459 1378 rheu.
481 1311 532 1379 VI
556 1333 586 1400 p.
606 1313 669 1378 524
691 1311 869 1378 diiudicare
894 1313 1008 1393 noluit,
1039 1321 1149 1376 utrum
1178 1312 1240 1376 boe
1271 1310 1361 1376 testi·

265 1420 408 1486 monium
430 1421 472 1484 atl
492 1421 594 1487 libros
618 1420 658 1486 de
682 1421 883 1510 proprietate
904 1421 1099 1507 scriptorum
1119 1443 1160 1486 an
1180 1421 1362 1487 adnostros

265 1533 435 1617 spectaret.
461 1532 551 1618 prius
564 1531 645 1597 illud
663 1555 730 1597 non
751 1531 796 1596 ita
818 1531 887 1596 ucri
910 1530 1016 1596 simile
1038 1540 1096 1612 est,
1120 1539 1290 1618 postquam
1311 1551 1360 1594 re·

265 1648 358 1727 perte
387 1637 588 1724 'Hieronymi
621 1639 726 1704 iudico
762 1640 863 1705 libros
895 1641 968 1720 napi
998 1637 1212 1720 χαρακτήρων
1249 1638 1360 1722 (Char.

265 1759 296 1836 p.
312 1747 385 1832 189)
400 1771 466 1813 non
479 1749 611 1815 eosdem
626 1759 723 1837 atque
735 1771 791 1815 eos
806 1750 847 1814 de
859 1749 1058 1838 proprietate
1071 1748 1266 1836 scriptorum
1279 1768 1361 1832 esse,

184 1887 186 1890 ·
265 1858 324 1923 sed
356 1857 464 1945 potius
496 1858 778 1924 conuenire·eum
809 1859 903 1924 libris
928 1859 969 1924 de
999 1857 1272 1946 descriptionibus
1295 1857 1362 1922 Rit-

267 1968 409 2033 schelius
430 1968 451 2031 l.
467 1968 488 2032 l.
511 1989 542 2054 p.
555 1967 618 2033 520
642 1967 822 2056 perspexit,
844 1991 918 2033 nem
940 1989 1026 2032 nunc
1047 1967 1081 2047 in
1103 1968 1164 2032 hoc
1181 1989 1217 2032 re
1238 1965 1364 2054 discep-

266 2079 362 2142 tanda
392 2100 510 2146 nomen
533 2079 738 2160 χαρακτῆρες
767 2076 920 2146 aGellio
952 2077 1042 2143 initio
1073 2075 1188 2164 eapitis
1222 2073 1364 2162 positum

266 2185 385 2252 nullius
411 2187 565 2252 momenti
589 2199 647 2254 est.
692 2187 819 2254 accedit
848 2185 935 2272 q'uod
963 2187 1064 2252 libros
1094 2187 1134 2250 de
1163 2183 1362 2273 proprietate
1455 2183 1458 2192 ’

266 2296 462 2384 scriptorum
493 2319 670 2384 numquam
700 2295 830 2366 Gellius
860 2303 1082 2362 conmemorat
1114 2293 1260 2382 nihilque
1292 2292 1363 2357 iere

199 2421 201 2426 ·
266 2404 373 2470 adbuc
404 2405 445 2470 de
476 2405 522 2470 eis
557 2415 688 2488 constat,
721 2416 757 2471 ut
792 2405 926 2471 dubium
958 2413 991 2469 et
1022 2404 1184 2469 lubricum
1212 2401 1365 2467 uideatur

248 2499 367 2579 vunum
378 2514 600 2600 fragmentum
618 2515 659 2579 orl
683 2537 738 2580 cos
760 2515 893 2580 referre.
918 2513 1048 2578 maximi
1074 2513 1188 2579 contra
1210 2510 1363 2601 ponderis

269 2631 326 2706 est,
349 2624 435 2708 quod
457 2645 580 2711 genera
604 2623 735 2700 dicendi
757 2634 921 2708 tamquam
943 2620 1100 2688 orationis
1118 2622 1257 2686 uirtutes
1274 2641 1365 2707 prue-

267 2730 417 2798 dicantur
436 2733 490 2817 (fr.
514 2733 568 2817 80)
601 2733 727 2820 ‘quibus
760 2733 838 2798 uitia
869 2741 985 2820 agnata
1017 2743 1091 2796 sunt
1117 2731 1186 2817 pari
1215 2751 1364 2813 numero,
1483 2803 1494 2814 Ι

268 2861 350 2926 quae
382 2862 493 2906 earum
522 2841 655 2906 modum
689 2851 721 2905 et
747 2841 893 2906 habiturn
926 2840 1107 2906 simulacris
1135 2839 1224 2906 falsis
1255 2859 1365 2904 emen-

267 2948 399 3013 tiuutur.
427 2948 474 3013 sic
503 2948 697 3037 plerumque
730 2947 850 3014 sufflati
884 2959 981 3042 atque
1014 2947 1130 3013 tumidi
1160 2947 1278 3016 fallunt
1304 2967 1365 3032 pro

267 3056 432 3142 uberibus,
453 3058 638 3145 squalentes
655 3067 687 3122 et
708 3057 876 3123 ieiunidici
898 3080 957 3145 pro
981 3057 1170 3142 gracilibus,
1193 3055 1306 3120 incerti
1332 3063 1365 3118 et

268 3165 413 3252 ambigui
436 3191 495 3255 pro
520 3166 756 3233 mediocribus)
779 3166 830 3232 his
852 3167 950 3232 robus
974 3190 1048 3232 cum
1070 3167 1190 3232 librum
1213 3165 1363 3250 quintum

270 3355 468 3365 ——-.—-—--

268 3491 307 3547 ex,
320 3491 440 3544 persona
459 3477 568 3544 poetae,
586 3491 794 3547 nonnumquam
813 3474 952 3548 exipsius
972 3492 1053 3544 quem
1072 3475 1180 3530 inducit
1198 3477 1366 3546 loquentem.

268 3589 304 3624 ex
323 3574 422 3639 poetae
441 3570 553 3642 quidem
571 3589 691 3642 persona
708 3576 763 3628 est:
790 3576 903 3634 Mantua
929 3593 979 3626 nuc
1006 3577 1122 3626 miserae
1143 3577 1254 3628 nimium
1273 3577 1367 3630 uicino
1438 3597 1444 3604 ·

270 3671 434 3722 Cremonae!
459 3668 788 3738 (varg,eol.vl11128),
817 3673 935 3738 lutetia!
964 3681 1095 3742 utcunque
1119 3675 1207 3740 serent
1235 3689 1267 3724 eu
1291 3675 1367 3737 facto
1436 3701 1438 3704 ·

269 3775 376 3836 nepotes
399 3804 404 3816 .
425 3804 431 3818 .
451 3804 458 3816 .
479 3765 558 3832 (Aen.
572 3765 610 3819 vl
627 3765 698 3832 823),
729 3771 830 3820 crimen
850 3787 925 3820 arnor
945 3771 1078 3822 uestrum!
1107 3767 1190 3834 (Aen.
1207 3766 1233 3820 X
1251 3765 1313 3834 188)
1339 3771 1368 3820 eb

268 3860 322 3914 alia
339 3859 447 3914 similia.
475 3879 509 3914 ex
528 3878 649 3930 persona
666 3878 734 3916 uere
752 3862 866 3916 alterius
887 3867 923 3918 Di
942 3868 1027 3934 cupiti
1047 3867 1133 3934 ipsius
1156 3867 1366 3933 praeripuere-

269 3970 375 4020 serarat
390 3957 472 4026 .(Aeu.
483 3957 549 4010 VIII
560 3956 634 4026 484),
654 3961 690 4012 m
712 3961 781 4012 talia
802 3962 894 4014 Graiis
913 3963 1076 4025 instaurate,
1095 3964 1141 4031 pio
1158 3964 1183 4013 ri
1200 3979 1300 4030 poenus
1320 3979 1367 4012 ore

225 4091 228 4095 -
269 4058 394 4126 reposco!
403 4052 602 4124 (tramete),
626 4059 666 4108 ut
680 4058 761 4110 talem
780 4059 862 4110 terris
881 4061 998 4110 auertite
1016 4062 1132 4128 postera!
1142 4054 1220 4125 (Aen.
1230 4056 1278 4123 Ill,
1290 4056 1366 4116 620).

369 4175 395 4244 1)
413 4175 446 4228 In
464 4175 599 4244 exemplis
618 4180 713 4230 autem
732 4175 958 4230 interiectionum
969 4191 1039 4245 quaa
1051 4178 1277 4231 locumnostrum
1288 4193 1368 4246 prae-

268 4271 373 4326 cedunt
389 4271 481 4325 nullae
500 4271 632 4326 Varronis
651 4277 745 4342 partes
764 4289 825 4326 esse
842 4273 993 4327 ostendunt
1011 4271 1129 4328 Caeselli
1139 4272 1263 4328 Vindicis
1273 4273 1368 4328 Statili

269 4366 383 4420 Maximi
403 4366 482 4420 Pauli
499 4367 612 4422 nomina
633 4367 783 4437 adscripta.
