3152 5142
716 483 754 542 21

185 661 344 748 supplem.
368 660 425 726 ΙΙΙ
444 659 577 747 μ.646),
608 659 667 726 sed
697 681 735 724 eo
759 667 890 746 reperto
917 659 1000 726 nihil
1023 659 1100 724 inde
1130 659 1287 725 didicisse

184 777 219 833 et
237 767 280 834 ad
293 765 442 836 Graecos
464 769 566 836 libros
590 769 738 838 rediisse.
764 769 856 857 ponit
884 791 926 836 ex
947 770 999 834 his
1023 779 1185 858 sumptam
1208 771 1285 838 defi-

181 877 341 945 nitionem
369 877 547 966 Chrysippi
576 876 755 956 ἀξιώματος
782 881 839 960 (cf.
860 879 898 946 L.
919 879 963 944 D.
985 879 1135 963 Vnde),
1165 880 1286 946 deinde

186 1008 266 1071 eam,
289 1009 386 1072 quem
408 985 514 1064 Varro
544 987 585 1054 de
614 987 787 1076 proloquio
810 989 845 1053 in
867 987 952 1054 libro
978 988 1028 1052 ‘de
1049 988 1163 1075 lingue
1185 988 1285 1054 latine

185 1097 226 1163 ad
259 1094 451 1164 Ciceronem
475 1105 589 1182 quarto
614 1095 778 1162 uicesimo'
810 1096 956 1183 protulit.
990 1106 1154 1180 secuntur,
1186 1097 1285 1162 inter-

183 1205 277 1275 iectis
301 1205 494 1291 quibusdam
516 1204 763 1292 proloquiorum
784 1205 945 1294 exemplis
974 1215 1007 1269 et
1034 1206 1206 1272 axiomatis
1230 1206 1285 1272 de·

184 1319 362 1410 scriptione
382 1319 468 1408 apud
487 1317 607 1386 stoicos
626 1318 743 1386 usitate
757 1318 942 1403 iterumque
957 1317 1123 1418 nominato
1134 1316 1285 1386 Varrone

186 1429 238 1516 (nt
265 1429 306 1494 de
333 1427 503 1495 Ciceronis
532 1424 710 1506 ἀξιώματος
740 1425 892 1492 uersione
923 1448 967 1492 ex
987 1425 1070 1514 disp.
1092 1427 1285 1494 Tusculanis

185 1539 244 1622 Il,
259 1538 299 1602 14
320 1537 422 1626 petite
442 1540 590 1621 taceam),
612 1535 802 1618 ἀξιωμάτων
829 1539 1049 1622 συννῃμμὲνου
1080 1545 1285 1624 συμπεπλεγ-

183 1645 282 1725 μένου
305 1643 528 1728 διεζευγμένου
552 1646 866 1728 ουραδιεζευγμὲνου
885 1648 1131 1736 explicationes,
1151 1651 1285 1722 adiectis

145 1755 151 1762 ’
183 1755 509 1844 interpretationibus
530 1755 650 1839 latinis,
678 1780 757 1843 quas
789 1781 862 1824 cum
893 1759 1061 1844 egressis
1088 1761 1180 1828 libris
1203 1788 1285 1851 quos

184 1877 262 1961 ante
283 1865 491 1954 significauit,
522 1864 599 1932 lieet
628 1866 754 1953 reliqua
775 1866 853 1934 inde
873 1868 1029 1952 hauriret,
1060 1893 1187 1938 sumere
1218 1897 1285 1940 non

183 1975 340 2066 potuerit,
368 1973 410 2040 ad
438 1973 580 2042 eundern
606 1973 791 2042 Varronem
821 1977 1015 2044 referendae
1048 1979 1213 2046 uidentur.
1248 1983 1284 2050 in

184 2113 249 2178 qua
271 2110 308 2154 re
329 2088 490 2154 incertum
508 2096 566 2170 est,
588 2110 666 2154 num
681 2097 851 2172 utramque
867 2110 962 2172 quam
977 2090 1106 2174 profert
1123 2092 1286 2178 proloquii

185 2197 390 2278 συνημμένου
412 2206 444 2264 et
465 2194 748 2277 συμπεπλεγμένου
768 2196 956 2264 uersionem
980 2197 1122 2264 Varroni
1148 2221 1190 2264 an
1220 2203 1286 2266 for·

176 2317 271 2378 „tasse
294 2307 430 2374 alteram
450 2305 548 2374 Aelio
570 2305 730 2372 debuerit.
752 2307 816 2372 duo
838 2306 872 2372 in
894 2317 1047 2396 promptu
1070 2317 1146 2374 sunt
1170 2309 1286 2394 quibus

184 2417 267 2484 haec
274 2414 410 2503 suspitio
421 2415 638 2482 confirmetur.
655 2414 795 2504 primum
808 2413 894 2482 enim
904 2415 1053 2482 Gellium
1060 2417 1119 2482 has
1128 2417 1288 2504 interpre-

184 2525 326 2594 tationes
345 2524 466 2592 nonde
485 2523 543 2590 suo
560 2524 737 2605 addidisse,
761 2523 849 2612 quod
871 2524 1038 2590 hominem
1059 2526 1286 2614 philosophiae

186 2657 254 2708 non
277 2633 430 2720 ignarum
454 2634 571 2703 fecisse
602 2633 699 2700 facile
723 2631 919 2715 contendas,
943 2634 1019 2700 iude
1043 2633 1288 2721 conligendum,

188 2746 278 2832 qnod
302 2745 429 2824 ἀξίωμα
442 2745 675 2828 διεζευγμένον,
700 2745 788 2832 quod
798 2746 869 2833 ipse
886 2745 933 2830 (V
947 2747 1288 2830 11,8)‘diiunctiuum’

186 2855 345 2944 appellat,
381 2864 492 2922 nostro
523 2855 596 2920 loeo
627 2854 841 2921 ‘disiunctum’
873 2855 1022 2920 uertitur.
1057 2856 1197 2921 alterum
1230 2868 1288 2942 est,

188 2965 278 3050 quod
298 2963 450 3053 proloqui
472 2951 799 3045 παραδιεζευγμένου,
831 2963 941 3031 stoicis
966 2975 1001 3030 ut
1029 2964 1161 3032 uidetur
1183 2967 1290 3032 adhuc

186 3073 294 3161 ignoti
316 3073 370 3157 (cf.
393 3074 509 3142 Prantl
533 3073 554 3140 l.
571 3074 592 3137 l.
606 3097 637 3162 p.
649 3073 721 3138 448.
738 3073 823 3158 605),
857 3075 1044 3140 uersionem
1068 3075 1198 3140 omnino
1222 3099 1290 3142 non

187 3183 353 3272 proponit,
376 3182 528 3268 quoniam
551 3204 631 3272 cam,
653 3191 689 3246 ut
708 3183 796 3267 quod
815 3205 918 3270 prope
935 3206 994 3250 sue
1012 3194 1131 3272 sponte
1153 3194 1290 3273 apparet

188 3293 340 3376 adiciam,
362 3294 399 3360 in·
418 3293 576 3360 Varronis
605 3293 690 3359 libro
721 3315 788 3358 non
818 3293 973 3380 repperit.
1008 3295 1099 3360 ouius
1129 3297 1290 3376 anpodia-

191 3401 363 3483 ζουγμένου
388 3425 450 3466 usu
472 3400 642 3484 admoniti,
665 3401 810 3489 nequid
836 3401 991 3468 audacius
1003 3403 1145 3468 Varroni
1171 3406 1289 3472 adseri·

188 3511 315 3595 bnmus,
337 3535 417 3578 num
440 3531 483 3576 ex
504 3507 639 3598 reliquis
662 3511 839 3596 quidquam
858 3512 901 3576 ed
921 3534 996 3578 eum
1016 3513 1226 3579 referendum
1238 3516 1288 3597 sit,

179 3621 224 3689 ‚in
246 3620 354 3690 medio
376 3619 601 3707 relinquimus.
623 3620 677 3705 qui
700 3642 780 3686 uero
794 3620 900 3686 sciunt
916 3621 951 3686 in
964 3621 1015 3702 his
1027 3623 1125 3687 rebus
1140 3624 1291 3712 exempla

191 3755 259 3800 non
279 3732 402 3798 nullius
429 3730 584 3796 momenti
610 3753 681 3796 esse
704 3721 736 3796 cl
758 3731 846 3796 idem
867 3731 1018 3819 proloqui
1042 3732 1159 3798 conexi
1182 3753 1290 3798 exem·

190 3840 282 3928 plum
304 3849 332 3906 si
345 3844 463 3918 (Plato)
484 3847 623 3917 entant,
646 3845 763 3918 (Plelo)
783 3851 916 3906 monetur
937 3840 990 3906 hie
1014 3850 1046 3905 et
1065 3839 1100 3908 in
1111 3840 1291 3926 Augustini

191 3948 349 4038 opusculo
371 3949 412 4014 de
426 3949 595 4016 dialectica
615 3949 796 4014 adhibitum
810 3948 934 4032 uident,
956 3972 1022 4014 nou
1042 3949 1132 4016 nulla
1153 3949 1289 4014 fortasse

191 4070 362 4148 praeterea
381 4068 417 4123 ut
438 4058 509 4145 ipsa
529 4059 680 4146 exempla
702 4081 720 4123 e
742 4059 892 4124 Varrone
915 4058 1050 4124 fluxisse
1072 4079 1201 4122 meeum
1223 4058 1289 4124 exi·

192 4169 376 4239 stimebunt.
407 4169 442 4234 in
464 4167 549 4234 libro
571 4167 680 4234 XIIII
709 4166 877 4255 igitur-de
899 4165 1080 4254 proloquiis
1110 4166 1287 4253 conpositis

179 4281 360 4366 -tgehetun
381 4276 457 4344 hinc
479 4277 706 4366 progredienti
729 4277 879 4344 conicere
899 4276 977 4341 lieet
985 4274 1170 4340 Varronem
1185 4275 1218 4340 in
1234 4297 1288 4358 ex·

179 4399 313 4460 treme
334 4389 473 4456 heredis
494 4389 597 4454 triade
618 4388 739 4476 priore,
760 4387 901 4453 ut'solet
922 4386 955 4452 in
974 4386 1040 4459 hoc
1059 4407 1169 4472 opere,
1187 4407 1286 4471 gene-
