3140 5148
716 481 774 540 171

198 659 367 738 quattuora
387 660 503 728 natans
524 654 677 741 analogia
695 655 931 724 consuetudine
948 656 1150 725 auctoritate.
1181 666 1297 726 natura

198 762 376 830 uerborum
405 762 560 848 omnium,
596 785 679 853 quae
702 764 901 832 inmutabilia
930 774 990 852 est,
1020 789 1089 833 non
1125 767 1297 856 quicquam

198 869 385 938 autminus
416 881 471 938 aut
502 873 576 962 plus
610 874 745 941 tradidit
772 875 882 960 nobis,·
911 899 1006 964 quam
1040 877 1128 964 qnod
1159 877 1297 966 accepit.

197 1002 274 1046 nam
295 979 416 1067 siquis
441 980 528 1048 dicat
549 982 692 1050 serimbo
715 984 803 1070 quod
825 992 875 1050 est
895 983 1015 1070 scribo,
1043 1007 1111 1050 non
1128 984 1298 1072 analogiae

163 1088 320 1156 tuirtute
340 1090 400 1155 sed
421 1100 556 1157 naturae
576 1091 678 1179 ipsius
701 1092 932 1160 constitutione
954 1093 1168 1161 conuincitur.
1190 1095 1296 1161 analo·

199 1198 255 1284 gia
276 1200 435 1266 sermonis
459 1210 613 1285 auctura
633 1202 755 1290 proditi
771 1203 932 1269 ordinatio
951 1211 1001 1269 est
1016 1201 1298 1270 secundumteoh·

197 1305 287 1374 nicos
309 1323 418 1397 neque
440 1309 535 1376 aliter
555 1311 725 1377 barbaram
747 1311 895 1400 linguam
919 1312 959 1378 ab
981 1311 1109 1378 erudita
1127 1333 1226 1398 quam
1249 1333 1297 1376 ar·

198 1425 335 1501 gentum
359 1441 378 1483 a
397 1418 532 1508 plumbo
554 1415 718 1488 dissociat.
762 1420 964 1487 consuetudo
987 1437 1053 1487 non
1075 1421 1202 1487 ratione
1223 1443 1297 1490 ana·

196 1523 305 1612 logiae
327 1523 385 1594 sed
407 1521 533 1596 uiribus
553 1551 612 1618 par
634 1537 693 1614 est,
715 1530 790 1597 ideo
812 1529 918 1597 solum
940 1539 1084 1620 recepta,
1106 1530 1194 1620 quod
1215 1531 1297 1598 mul·

147 1641 182 1699 1o
199 1643 307 1702 torum
331 1637 548 1705 consensione
574 1639 747 1718 conualuit,
779 1639 824 1706 ita
852 1649 963 1708 tamen
983 1649 1020 1706 ut
1041 1641 1090 1707 illi
1112 1641 1190 1707 artis
1215 1641 1297 1706 ratio

198 1772 265 1816 non
285 1751 420 1817 accedat
439 1751 498 1818 sad
517 1753 697 1840 indulgeat.
730 1777 806 1820 nam
826 1775 864 1820 ea
884 1776 902 1820 c
926 1755 1035 1822 medio
1057 1755 1215 1840 loquendi
1237 1777 1298 1822 usu

191 1859 317 1948 'placita
341 1859 513 1928 adsumere
535 1863 715 1932 consueuit.
759 1863 932 1932 auctoritas
952 1863 987 1930 in
1007 1863 1125 1950 regula
1139 1863 1298 1951 loquendi

198 1968 374 2036 nouissima
395 1979 454 2038 est.
497 1993 637 2058 namque
659 1974 715 2040 ubi
738 1975 846 2039 omnia
871 1973 1061 2056 defecerint,
1075 1975 1123 2042 sic
1143 1975 1184 2041 ad
1197 1975 1299 2059 illam,

199 2099 296 2164 quem
318 2075 360 2144 ad
381 2077 516 2148 modum
539 2081 580 2146 ad
602 2104 755 2148 ancoram
777 2080 971 2150 decurritur.
1007 2106 1075 2150 non
1098 2082 1186 2152 enini
1207 2085 1296 2172 quio·

143 2189 178 2248 15
199 2207 294 2276 quam
314 2197 371 2254 aut
392 2189 528 2254 rationis
552 2198 608 2254 aut
619 2199 754 2256 naturae
771 2199 826 2256 ant
841 2191 1086 2258 consuetudinis
1104 2193 1211 2278 habet,
1225 2213 1298 2258 cum

203 2361 321 2420 addixit.
377 2383 448 2436 quae
475 2365 550 2420 ratio
577 2365 646 2420 adeo
673 2383 738 2420 cum
762 2365 824 2436 ipsa
849 2362 973 2436 loquella
996 2369 1131 2438 generata
1154 2367 1301 2440 (congene-

197 2435 384 2506 rataVsaner)
412 2440 465 2503 est,
493 2441 525 2492 ut
542 2435 626 2492 hodie
653 2435 726 2492 nihil
744 2435 778 2494 de
804 2454 853 2492 suo
872 2438 1002 2510 analogia
1025 2437 1138 2495 inferat.
1174 2456 1206 2494 ea
1225 2439 1299 2498 enim

199 2525 271 2578 quae
289 2507 325 2562 ad
344 2525 379 2563 ex
399 2507 540 2564 licandam
559 2509 747 2564 elocutionem
768 2511 825 2562 iam
846 2509 922 2579 apud
945 2527 1042 2566 sensus
1067 2513 1180 2565 nostros
1198 2509 1300 2568 educta

201 2584 268 2634 sunt
288 2597 305 2634 a
325 2597 357 2642 co
411 2581 488 2634 sione
507 2579 701 2636 uniuersitatis
726 2579 919 2636 disseminauit
943 2585 972 2635 et
996 2599 1012 2636 a
1036 2582 1197 2652 disparibus
1241 2584 1300 2640 aria

202 2651 317 2706 coaluit.
356 2651 531 2722 adprobatur
555 2655 649 2706 autem
672 2651 836 2708 defectionis
856 2652 955 2724 regula
974 2658 1141 2724 argumento
1158 2601 1299 2712 similium.

199 2725 311 2779 constat
329 2741 397 2794 ergo
417 2723 522 2778 latinus
542 2741 632 2778 sermo
650 2728 753 2778 natura
770 2723 1300 2796 analogiaconsuetudineauetoritate.

198 2798 302 2848 natura
321 2795 474 2849 uerborum
502 2794 581 2865 (alias
607 2795 760 2852 uerborum
783 2797 907 2850 omnium
925 2802 954 2851 in
973 2817 1022 2867 ηις.
1045 2797 1080 2867 N)
1101 2799 1300 2868 nominumque

200 2865 375 2920 inmutabilis
385 2871 387 2876 '
396 2872 440 2921 est
458 2883 510 2921 nec
528 2867 676 2938 quicquam
694 2871 743 2920 aut
760 2866 824 2936 plus
836 2867 985 2922 autminus
995 2867 1114 2922 tradidit
1124 2870 1205 2923 nobis
1217 2887 1300 2940 quam

199 2938 275 3008 quod
299 2939 418 3008 accepit.
456 2956 521 2992 nam
546 2939 570 2993 si
592 2939 653 3008 quis
678 2937 754 2992 dicat
779 2937 900 2996 scrimbo
918 2957 971 3010 pro
990 2957 1022 2993 eo
1042 2938 1118 3012 quod
1134 2943 1179 2995 est
1197 2942 1298 3006 scribo¹

197 3011 255 3065 iton
270 3010 418 3080 'analogiae
437 3009 545 3064 uirtute
567 3011 617 3066 sed
634 3014 753 3066 naturae
771 3010 860 3081 ipsius
888 3009 1091 3068 constitutione
1109 3012 1297 3075 conuincitur.

199 3079 328 3152 analogia
347 3079 482 3136 sermonis
501 3085 639 3138 enatura
656 3081 764 3152 proditi
782 3081 922 3138 ordinatio
941 3085 984 3140 est
1001 3099 1091 3152 neque
1105 3081 1189 3138 aliter
1198 3080 1298 3140 barba-

197 3169 259 3207 ram
284 3153 410 3224 linguam
436 3155 471 3208 ab
498 3151 609 3208 erudita
636 3171 718 3223 quam
745 3158 896 3224 argentum
923 3171 939 3208 a
967 3153 1082 3224 plumbo
1110 3153 1299 3212 dissociet...

200 3225 375 3280 consuetudo
393 3242 450 3280 non
468 3229 529 3280 arte
545 3224 689 3296 analogiae
709 3223 759 3280 sed
775 3225 884 3281 uiribus
901 3243 954 3296 par
973 3229 1024 3290 est,
1050 3225 1114 3282 ideo
1140 3225 1231 3282 solum
1255 3244 1299 3282 re·

200 3300 290 3366 cepta,
311 3296 385 3366 quod
403 3297 557 3352 multorum
575 3299 758 3352 consensione
777 3297 928 3362 conualuit,
946 3295 988 3352 ita
1005 3300 1100 3352 tamen
1120 3301 1152 3351 ut
1170 3299 1212 3353 illi
1225 3299 1298 3356 ratio

198 3384 255 3422 non
275 3368 391 3422 accedat
410 3368 459 3423 sed
478 3366 635 3438 indulgeat.
655 3367 810 3424 auotoritas
829 3369 859 3423 in
877 3368 976 3439 regula
993 3368 1125 3439 loquendi
1146 3369 1299 3428 nouissima

199 3443 254 3494 est.
273 3457 392 3510 namque
409 3441 460 3494 ubi
478 3439 571 3494 omnia
587 3439 752 3505 defecerint,
767 3441 807 3496 sic
826 3440 862 3496 ad
881 3441 960 3494 illam
977 3458 1059 3509 quem
1077 3441 1245 3497 admodum
1262 3443 1298 3495 ad

200 3527 277 3566 aram
297 3529 405 3566 sacram
423 3511 593 3566 decurritur.
612 3529 669 3566 non
687 3511 761 3566 enim
779 3513 927 3586 quicquam
947 3515 996 3566 aut
1014 3511 1132 3566 rationis
1150 3517 1200 3566 aut
1218 3516 1299 3568 natu·

199 3599 247 3637 rae
258 3584 307 3638 aut
325 3581 535 3640 consuetudinis
553 3583 647 3646 habet,
667 3586 779 3636 tantum
798 3583 928 3652 opinione
947 3585 1095 3636 auctorum
1113 3587 1227 3654 recepta
1245 3588 1298 3649 est,

200 3653 294 3724 quiet
314 3655 369 3724 ipsi
386 3672 437 3712 cur
454 3655 484 3710 id
502 3654 592 3710 secuti
610 3657 704 3710 essent
722 3653 746 3710 si
763 3653 883 3710 fuissent
901 3655 1072 3726 interrogati
1087 3655 1196 3710 nescire
1214 3653 1298 3710 confi·

299 3799 317 3856 2
346 3797 474 3856 omnium
504 3819 580 3875 quae
606 3799 630 3858 Β
659 3801 846 3878 omniumque
867 3797 937 3860 AM
962 3798 1091 3856 onmium
1111 3817 1169 3874 cup.
1191 3799 1300 3860 codicis

200 3881 318 3943 Cimrisa‘
348 3876 399 3959 (of.
423 3879 600 3961 testimonio)
631 3885 840 3961 nominumque
868 3883 1024 3948 Charisius
1049 3882 1206 3944 Accusas
1229 3884 1299 3944 Kea-

200 3965 285 4036 ltusll
299 3965 466 4024 immutabili
487 3985 524 4024 ne
545 3969 703 4046 quicquam
726 3967 827 4027 ABM
852 3965 1036 4026 inmutabilis
1064 3971 1110 4024 est
1137 3984 1193 4024 nec
1219 3967 1299 4044 quic·

199 4067 287 4130 qnam
308 4049 473 4110 &cortuum
491 4056 606 4111 secutos
625 4051 741 4112 Kellios
760 4047 775 4130 ΙΙ
799 4055 816 4110 3
839 4051 971 4110 traditur
990 4051 1015 4108 B
1034 4042 1050 4127 ΙΙ
1072 4069 1130 4126 quo
1152 4051 1298 4128 accipitur

198 4133 239 4192 M
248 4127 296 4212 1Ιὸ
320 4153 338 4190 a
357 4149 411 4192 om.
434 4133 475 4193 M
484 4126 499 4212 ΙΙ
513 4131 746 4196 thechinicosM
764 4133 886 4194 technas
910 4134 940 4194 B
960 4135 975 4204 ΙΙ
995 4136 1013 4191 7
1038 4133 1214 4194 θωὰἰῒυΜ
1234 4153 1300 4192 eru-

199 4217 243 4276 dit
256 4216 318 4276 AB
331 4209 346 4295 ΙΙ
362 4221 378 4274 9
401 4238 456 4296 par
468 4220 499 4277 B
519 4238 589 4296 pars
601 4219 672 4280 AM
681 4213 696 4298 ΙΙ
712 4221 750 4277 10
764 4221 949 4280 consessione
961 4216 1033 4276 AM
1051 4218 1220 4282 consesione
1232 4218 1263 4278 B
1276 4209 1295 4300 Η

199 4301 239 4462 {ss
261 4302 425 4450 &raherium
451 4303 524 4458 dm
552 4303 742 4368 anachortam
766 4304 794 4366 A
827 4323 908 4368 aram
936 4303 1032 4365 Varro
1062 4305 1300 4385 transscripserit

229 4429 237 4444 .
323 4405 349 4448 r.
386 4403 436 4448 .s.
