3126 5146
721 475 776 534 181

201 649 328 734 aorisia,
350 649 394 714 de
409 667 446 714 ra
459 669 526 714 non
548 648 590 715 de
608 649 728 735 galliae
742 649 874 715 nomine
895 649 949 734 agi
972 651 1217 718 eoncedendum
1235 661 1294 720 eet.

198 778 273 824 narn
301 759 439 824 loricam
467 780 636 824 romanam
657 759 836 844 antiquitus
863 781 882 824 e
906 758 986 824 loris
1011 759 1129 826 saetam
1152 760 1296 848 indeque

198 867 395 934 nominatam
423 868 525 934 fuisse
547 867 635 952 dioit,
667 875 783 954 postea
809 867 897 934 idem
918 889 1039 934 nomen
1058 868 1093 933 in
1115 870 1294 936 feneame

198 976 310 1045 Gallia
330 976 518 1044 translatam
541 976 716 1044 transiisse.
738 998 781 1044 ex
803 999 841 1043 eo
865 985 975 1042 autem
999 977 1087 1065 quod
1107 977 1195 1066 apud
1213 977 1295 1044 Var-

198 1107 314 1152 ronem
333 1087 435 1153 baltei
454 1088 629 1176 explicatio
647 1089 803 1174 sequitur,
824 1090 913 1178 apud
922 1090 1055 1178 Lydum
1068 1092 1295 1180 praemittitur,

197 1196 267 1264 noli
290 1197 425 1262 efficere
446 1197 578 1283 Lydum
599 1219 637 1263 oo
663 1199 736 1264 looo
758 1211 853 1266 usuri
875 1221 957 1285 esee,
986 1223 1062 1266 narn
1083 1223 1202 1288 magna
1222 1217 1295 1270 uer·

197 1306 334 1372 bonitate
363 1306 408 1371 ee
427 1307 630 1374 uestimentis
659 1308 806 1395 magistri
837 1309 983 1394 equitum
1006 1310 1133 1376 loeutus
1165 1311 1295 1398 ringula

198 1432 394 1504 percensere
417 1415 541 1500 debuit,
562 1416 704 1482 Varroni
725 1427 834 1484 autem
854 1417 937 1484 nihil
959 1418 1116 1486 adscribit
1138 1420 1201 1488 nisi
1217 1442 1293 1501 καρ.

197 1523 341 1606 ταμὲραν
363 1525 419 1610 (oi.
442 1525 480 1592 L.
500 1525 711 1592 Dieienhaeh
733 1527 817 1613 orig.
840 1549 952 1616 europ.
978 1551 1011 1616 p.
1021 1528 1085 1594 285
1096 1532 1160 1616 sq.)
1184 1539 1216 1595 et
1238 1529 1294 1596 illa

198 1635 374 1720 generalia,
394 1657 532 1722 quorum
547 1635 692 1702 omnium
711 1635 745 1702 in
758 1636 842 1702 libro
864 1636 905 1702 de
926 1638 1039 1724 lingua
1057 1638 1159 1704 latina
1182 1638 1295 1724 quinto

197 1765 261 1809 nee
279 1744 357 1810 uola
375 1763 439 1809 neo
462 1744 649 1830 uestigium.
683 1767 784 1832 quere
804 1745 847 1810 ad
867 1745 969 1812 libros
991 1757 1121 1814 nostros
1141 1747 1195 1832 (ir.
1216 1748 1291 1833 108)
1328 1725 1336 1740 x

198 1875 239 1918 ea
257 1855 367 1920 refero
387 1861 571 1940 eontentus,
600 1853 688 1938 quod
708 1877 777 1922 non
799 1855 906 1924 solum
929 1856 964 1922 in
985 1857 1081 1928 titulo
1101 1866 1135 1921 ot
1156 1877 1292 1924 numero

197 1963 313 2052 Lydus
332 1966 491 2054 peooauit,
521 1965 583 2032 aad
607 1965 703 2034 etiam
726 1966 925 2056 inpudenter
952 1987 1006 2034 res
1026 1991 1047 2032 a
1066 1967 1218 2034 Varrone
1236 1988 1292 2034 ex·

197 2074 320 2162 positas
340 2075 441 2141 auxit.
466 2097 540 2142 nam
563 2097 672 2162 neque
692 2075 753 2142 ille
773 2076 883 2144 deoust
898 2098 918 2142 e
933 2076 1060 2164 linguis
1079 2077 1201 2164 gallica
1219 2099 1292 2144 aeo-

198 2182 262 2249 lica
281 2192 411 2250 etrusca
432 2184 518 2250 inter
541 2205 575 2250 se
590 2184 699 2252 mixtis
720 2186 852 2252 latInarn
867 2185 1014 2272 linguam
1033 2195 1138 2254 ortam
1153 2208 1236 2271 esse,
1259 2187 1293 2252 id

199 2292 287 2381 quod
310 2283 443 2378 quaeris
465 2294 587 2382 pagins
616 2294 775 2360 librorum
803 2294 847 2360 de
866 2295 991 2381 lingua
1012 2295 1111 2370 latina
1142 2296 1297 2380 ostendit,

197 2402 256 2468 sed
280 2403 438 2469 nonnulle
467 2404 586 2486 exeis
618 2413 749 2494 sumpto
777 2426 848 2471 esse
870 2403 1080 2487 existimauit,
1109 2427 1193 2490 qnae
1225 2405 1296 2474 sine

197 2511 295 2578 dubio
327 2512 509 2580 moratiue
537 2512 757 2602 penrrotauit
793 2533 899 2599 neque
932 2512 1028 2578 iaeile
1058 2513 1183 2580 dixeris
1213 2533 1295 2602 quae

194 2621 415 2712 tlisoraprntia
429 2622 515 2688 iuter
524 2623 649 2689 Tuscos
664 2632 698 2688 et
704 2623 861 2690 Etruscos
873 2621 1057 2688 intercedat
1066 2623 1123 2705 (oi.
1138 2621 1292 2690 Onesi·

194 2732 245 2798 lar
266 2731 430 2798 ΗΜΛ
451 2753 484 2819 p.
496 2732 567 2798 100.
589 2732 628 2800 G.
650 2731 870 2798 Waehsmuth
887 2732 946 2799 Le.
968 2751 1001 2817 p.
1016 2730 1159 2812 XXXI).
1199 2733 1294 2818 parui

194 2863 277 2907 saue
295 2843 360 2906 tale
382 2841 602 2910 testimonium
621 2840 856 2908 aestimandum
877 2849 935 2924 eet,
956 2839 1016 2906 aad
1037 2840 1164 2907 etiamsi
1184 2840 1292 2908 omnia

194 2951 292 3018 unxit
310 2949 435 3036 Lydus,
455 2951 538 3016 haee
560 2949 595 3018 in
616 2950 709 3018 libris
730 2949 851 3016 nostris
873 2948 1021 3036 exposite
1043 2948 1293 3037 fuissoraliqur

194 3061 380 3126 testimonia
400 3061 549 3150 probant.

295 3171 472 3236 Praeterea
495 3168 536 3234 de
563 3168 612 3234 ais
639 3167 722 3236 nihil
745 3176 890 3234 eonatatr
922 3183 1029 3255 neque
1058 3189 1123 3258 quo
1144 3177 1293 3254 tempore

195 3277 308 3368 seripti
339 3279 403 3344 sint
433 3277 498 3343 diei
531 3285 649 3365 potest
686 3296 764 3344 nam
786 3297 860 3342 cum
882 3274 1043 3361 Pompeio
1072 3276 1128 3358 (oi.
1150 3275 1189 3342 L.
1209 3275 1296 3342 Roth

195 3389 292 3454 laben
314 3386 345 3452 d.
368 3386 464 3452 Varr.
485 3408 518 3474 p.
532 3387 567 3449 11
582 3387 645 3473 sq.)
667 3407 728 3473 per
749 3384 884 3472 triginta
905 3406 1017 3468 annos,
1046 3384 1124 3450 inde
1146 3384 1186 3450 ab
1209 3408 1237 3452 a.
1258 3408 1290 3451 u.

194 3495 442 3564 DGLXXVIII
470 3515 575 3580 usque
608 3494 651 3562 ad
681 3493 809 3564 cladem
839 3493 1072 3577 Pharsalicam,
1102 3493 1291 3561 coniunctus
1423 3536 1426 3542 ·

194 3617 273 3689 erat,
294 3605 355 3672 sed·
374 3609 517 3673 artiores
529 3606 613 3671 linea
631 3604 757 3670 nullum
774 3601 932 3670 indiaium
947 3603 1068 3691 prodit.

289 3715 367 3782 Non
395 3713 568 3780 mediocris
595 3711 819 3800 relliquiarum
841 3710 936 3798 copia
962 3731 1005 3776 ex
1025 3711 1148 3797 Apulei
1170 3712 1291 3778 libellis

195 3819 237 3891 de
257 3832 335 3890 nota
357 3821 559 3915 aspirationis
588 3831 621 3888 et
641 3819 681 3887 de
713 3820 928 3908 diphthongis
962 3819 1018 3903 (of.
1041 3821 1068 3885 Ι.
1092 3820 1134 3887 N.
1158 3819 1294 3907 Madvig

195 3954 307 4022 opusc.
338 3934 428 4002 ao'ad.
449 3957 482 4022 p.
494 3921 528 4018 3)
563 3932 721 4000 accedere
750 3927 934 4017 uidebatur,
968 3931 1024 4021 qui
1056 3933 1195 3998 denota
1223 3955 1290 4022 asp.

194 4064 226 4132 p.
241 4045 300 4110 107
314 4041 439 4112 Osann.
448 4038 632 4111 Varronem
652 4053 687 4110 a'ra
707 4050 781 4110 libro
804 4051 840 4110 da
858 4050 970 4124 eripiat
990 4049 1010 4108 l.
1020 4047 1044 4108 l.
1064 4050 1096 4108 ot
1109 4035 1149 4108 da
1167 4036 1291 4130 diphth.

194 4177 228 4242 p.
246 4150 305 4221 125
336 4153 475 4220 eundem
504 4162 539 4222 ia
569 4139 655 4220 libris
677 4161 712 4220 de
725 4146 847 4236 'ausae
868 4159 889 4234 1,
909 4159 928 4217 1.
951 4151 1071 4218 adfert.
1108 4151 1291 4234 accuratius

194 4271 304 4334 temen
324 4262 503 4348 inquirenti
524 4285 590 4330 non
613 4262 748 4332 dubium
767 4271 830 4345 est,
852 4260 932 4347 quin
944 4261 991 4326 sia
1005 4260 1108 4327 libros
1121 4260 1164 4326 do
1179 4259 1293 4348 lingue

194 4371 294 4437 latina
318 4372 462 4438 V—VII
481 4370 716 4457 signifioauerit
739 4370 794 4456 (oi.
819 4369 978 4458 Spengel.
999 4391 1053 4454 ap.
1074 4369 1292 4436 Ritaoheiiuua
