3126 5146
781 1239 980 1364 'm'

364 1527 529 1619 Operibus
566 1531 708 1615 duobus,
746 1545 885 1615 quorum
917 1537 1110 1615 argumenta
1140 1528 1299 1618 indagare
1329 1539 1362 1596 et

263 1641 436 1708 restituere
456 1636 563 1706 adhue
585 1639 779 1724 studuimus,
800 1639 893 1724 leges
917 1660 999 1728 quae
1016 1635 1203 1704 uniuersam
1214 1635 1361 1727 linguam

258 1759 420 1839 regerent
440 1750 613 1836 anquirere
635 1757 669 1814 et
688 1749 862 1814 inlustrare
880 1743 985 1814 noluit
1000 1745 1147 1838 scriptor,
1173 1747 1277 1821 alte'ro
1290 1747 1361 1838 phi·

262 1860 438 1950 losephieis
458 1858 637 1927 rationibus
654 1857 792 1942 deditus,
815 1858 917 1923 altero
938 1857 1089 1923 uooaiem
1111 1857 1270 1924 orationis
1291 1883 1362 1948 pars

263 1981 329 2037 tem
343 1979 543 2058 persecutus.
567 1967 602 2032 in
624 1967 758 2052 reliquis
773 1966 874 2050 libris,
899 1966 953 2054 qui
970 1989 1060 2033 nuno
1070 1967 1264 2033 recensendi
1277 1965 1362 2055 sunt',

264 2090 319 2145 aut
339 2079 533 2165 particulam
558 2076 720 2164 quandam
752 2075 899 2142 eiusdem
924 2075 1109 2141 uberrimae
1134 2077 1291 2143 materiae
1312 2101 1361 2144 ae

264 2188 407 2254 curatius
420 2185 623 2251 tractandam
639 2185 774 2276 delegit,
798 2193 854 2250 aut
876 2185 1051 2274 praecipua
1067 2185 1236 2252 doetrinae
1255 2209 1362 2274 gram-

265 2297 403 2363 maticae
427 2293 533 2382 capite
558 2293 698 2359 docendi
726 2293 832 2380 magis
860 2311 956 2381 quam
978 2293 1160 2382 quaerendi
1190 2291 1288 2361 cansa
1308 2293 1362 2363 ad·

263 2406 434 2474 umbrauit.
1335 2464 1340 2468 γ

368 2515 518 2580 Alterius
539 2511 655 2580 classis
680 2523 731 2580 est
752 2513 864 2580 liber
886 2512 935 2578 de
956 2513 1243 2599 grammatica,·
1268 2533 1364 2602 quem

266 2625 512 2712 disciplinarum
551 2624 694 2712 primum
729 2623 829 2690 fuisse
869 2623 1067 2690 Ritsehclius
1109 2623 1247 2711 (quaest.
1268 2605 1364 2690 Varr.

264 2761 296 2828 p.
311 2737 404 2822 sssq.)
428 2733 670 2800 demonstrauit.
693 2743 890 2800 nouantem
915 2753 996 2818 quae
1018 2733 1116 2799 modo
1145 2733 1215 2798 dixi
1236 2734 1364 2802 intelle·

265 2844 375 2932 ganda
389 2851 474 2910 sunt
495 2842 586 2930 quasi
608 2843 731 2910 maiora
754 2842 812 2908 illa
835 2863 934 2929 opera
949 2842 1003 2907 hic
1013 2841 1047 2907 in
1058 2863 1152 2908 usum
1168 2841 1365 2910 discentium

265 2954 476 3038 contraxerit,
496 2974 613 3018 uerum
637 2973 677 3018 ex
700 2945 854 3018 uniuerso
881 2952 999 3016 horum
1030 2949 1212 3021 studiorum
1240 2951 1363 3018 ambitu

265 3087 320 3130 eas
352 3062 568 3151 quaestiones,
594 3083 675 3150 quae
699 3061 757 3128 illo
789 3061 927 3127 consilio
958 3061 1125 3150 proposito
1147 3060 1363 3148 grauissimae

264 3174 471 3256 uidebantur,
485 3171 696 3260 explicandas
710 3171 879 3258 prompsit.
898 3190 995 3258 supra
1005 3166 1068 3236 iam
1081 3169 1263 3257 significatui
1275 3172 1363 3238 hunc

264 3283 385 3348 librum
406 3279 546 3345 uertisse
566 3279 652 3344 inter
672 3279 736 3344 alia
761 3280 795 3344 in
816 3277 970 3346 orationis
991 3279 1131 3366 partium
1148 3280 1363 3368 expositione,

266 3413 363 3476 quam
383 3388 569 3476 Pompeius,
591 3387 724 3454 infimae
758 3389 890 3474 quidem
921 3388 1036 3454 aetatis
1061 3383 1207 3475 fsertptor
1239 3390 1297 3455 sed
1328 3389 1364 3456 in

263 3501 325 3566 hac
349 3521 385 3565 re
405 3519 473 3566 non
493 3499 579 3564 male
602 3497 728 3582 doctus,
749 3498 884 3585 proprie
907 3498 1194 3585 grammaticorum
1220 3520 1290 3565 esse
1305 3497 1363 3566 ad—

262 3610 373 3674 firmat
395 3605 578 3696 (petriad.
603 3607 644 3672 cf.
665 3605 818 3675 Seruio
839 3607 959 3674 Donat.
983 3605 1098 3692 1¹779):
1118 3607 1170 3672 ‘dc
1193 3622 1276 3674 uoce
1299 3617 1362 3674 tra*

265 3729 352 3784 ctare
373 3717 451 3805 quid
475 3719 548 3783 est'?
570 3719 658 3800 (mate
676 3719 890 3797 oddtaruox)
912 3717 975 3782 hoc
997 3714 1270 3805 pbilosophorum
1294 3727 1361 3803 est3

265 3827 306 3892 de
322 3825 442 3891 litteris
463 3835 602 3890 tractare
622 3824 767 3890 omnium
787 3834 848 3908 est,
871 3845 946 3890 nam
966 3834 1002 3890 et
1024 3835 1134 3891 orator
1164 3821 1292 3912 quaerit
1311 3825 1363 3892 lit»

263 3947 350 4002 teras
373 3934 500 4000 discere
518 3943 556 4000 et
575 3933 645 4000 ludi
666 3934 823 4021 magister
839 3933 936 4002 idem.
961 3934 1162 4023 departibor
1175 3935 1361 4022 (orationis)

263 4053 400 4110 traetme
421 4043 484 4108 hoc
504 4043 705 4130 grammatici
728 4043 797 4109 est'.
828 4052 979 4110 constare
996 4043 1131 4110 uidetur
1147 4065 1216 4109 non
1235 4041 1298 4110 nisi
1320 4043 1362 4110 de

263 4153 510 4242 pronominibus
531 4153 710 4218 aVarrone
733 4153 901 4239 expositis.
923 4176 998 4218 cum
1020 4152 1108 4218 enim
1130 4154 1259 4220 Probus
1287 4175 1361 4218 eum

180 4335 182 4342 y
263 4262 350 4327 inter
372 4261 449 4328 artis
471 4260 591 4327 latores
621 4269 771 4328 numeret
800 4260 888 4347 (inst.
910 4270 970 4329 art.
990 4284 1024 4349 p.
1041 4261 1094 4347 48,
1114 4261 1153 4327 37
1173 4261 1243 4356 Kf),
1274 4263 1363 4328 hunc

263 4371 384 4438 librum
406 4370 574 4457 indicauit,
604 4393 678 4437 nam
700 4371 821 4438 maiora
843 4393 942 4461 opera
963 4371 1064 4460 longe
1087 4372 1127 4437 ab
1151 4393 1190 4436 eo
1216 4371 1362 4458 aberant,
