3152 5142
703 1307 742 1390 ll

270 1551 387 1617 Libros
410 1551 455 1615 de
478 1573 670 1617 sermone
691 1552 827 1617 lutino
851 1553 992 1639 quinque
1012 1553 1113 1620 fuisse
1134 1562 1270 1619 testatur

171 1659 393 1744 Hieronymus
417 1669 450 1724 et
472 1660 525 1747 qui
552 1661 613 1725 hoe
636 1683 736 1748 opere
757 1663 808 1728 usi
829 1673 904 1727 sunt
927 1663 1053 1728 nullum
1075 1663 1196 1728 librum
1217 1685 1268 1728 su-

171 1793 230 1857 pra
252 1770 398 1854 quintum
431 1779 676 1836 conmemorant
706 1782 838 1856 praeter
866 1773 1019 1838 Rufinum
1050 1773 1084 1837 in
1118 1781 1270 1838 conmenss

171 1879 253 1942 tario
276 1879 310 1943 in
334 1887 437 1942 metra
461 1878 668 1963 Terentiana,
693 1881 849 1966 opusculo
874 1903 1033 1969 perquam
1057 1881 1184 1946 turbato
1213 1881 1269 1965 (cf.

171 1987 209 2052 F.
223 1987 350 2052 Ritsehl
373 1988 403 2052 d.
418 1988 584 2054 alexandr.
596 1989 745 2054 biblioth.
768 2012 799 2075 p.
814 1990 898 2074 139),
919 1991 975 2055 ubi
997 1991 1119 2076 legitur
1140 1989 1186 2078 (p.
1198 1991 1270 2056 379.

171 2096 234 2159 380
252 2094 357 2162 Gaisf.
378 2120 409 2184 p.
423 2096 504 2160 2707
517 2099 569 2176 P.)
596 2103 692 2164 Varro
711 2108 743 2164 ie
768 2107 834 2165 VII
857 2109 889 2163 et
914 2099 1069 2164 continuo
1101 2108 1175 2185 post
1195 2107 1272 2165 edem

178 2211 273 2271 Varro
294 2215 327 2270 iu
347 2213 445 2270 eodem
467 2213 542 2272 uero
563 2214 631 2272 VII
650 2215 685 2273 de
710 2214 813 2289 linque
835 2216 928 2274 latine
951 2216 1189 2275 edMereellem·
1214 2207 1272 2272 sed

175 2315 407 2401 corrigendum
429 2337 500 2380 esse
520 2323 589 2382 UH
606 2317 640 2380 in
661 2324 746 2383 IIII
761 2318 846 2381 uidit
865 2317 907 2384 Ο.
920 2318 1002 2382 lehn
1019 2319 1087 2383 ber.
1104 2317 1134 2381 d.
1147 2318 1269 2382 saeehs.

175 2447 244 2510 ges.
270 2426 301 2491 d.
318 2427 403 2489 wiss.
425 2427 462 2491 Π
489 2425 571 2489 1350
594 2448 624 2512 p.
643 2426 711 2510 114,
734 2426 785 2491 oui
806 2427 983 2512 scripturae
1006 2425 1129 2511 aliquid
1155 2429 1271 2515 probu-

174 2534 306 2599 bilitatis
330 2535 416 2598 infra
434 2535 577 2599 accedet.
622 2535 754 2599 titulum
782 2536 888 2623 operis
912 2559 980 2602 non
1004 2557 1075 2600 esse
1098 2536 1138 2600 de
1161 2535 1273 2621 lingua

174 2643 275 2708 latina
309 2643 367 2706 sed
397 2665 472 2708 eum
502 2665 598 2728 quem
629 2666 727 2732 supra
750 2645 865 2732 scripsi
888 2645 1085 2732 Hieronymi
1110 2655 1143 2710 et
1165 2653 1271 2730 gram·
1379 2683 1382 2689 ‚

175 2752 366 2816 metioorum
395 2751 513 2816 scimus
544 2752 738 2818 testimoniis
752 2754 776 2837 ¹)
813 2775 952 2840 eumque
986 2777 1024 2819 eo
1054 2754 1191 2820 consilio
1221 2754 1272 2818 his

174 2861 265 2926 libris
298 2861 488 2950 inscriptum
516 2861 614 2928 fuisse
639 2872 895 2928 consentaneum
930 2873 989 2949 est,
1022 2873 1059 2929 ut
1087 2885 1147 2950 pro
1177 2885 1271 2948 argu·

174 2971 274 3034 menti
299 2970 489 3035 diversitate
511 2995 529 3036 a
549 2971 641 3036 libris
665 2973 706 3036 de
728 2973 841 3060 lingue
860 2973 959 3038 latinu
980 2974 1270 3058 distinguerentur.

173 3079 367 3144 uocabulum
388 3104 481 3146 sermo
500 3103 580 3145 uero
603 3081 778 3175 scriptores
800 3083 925 3147 romani
948 3107 1008 3171 pro
1031 3081 1204 3167 conloquio
1216 3105 1272 3170 po-

174 3198 309 3252 suerunt
329 3199 365 3252 ut
386 3189 456 3275 ipse
466 3190 570 3254 Varro
593 3190 625 3254 in
642 3190 864 3256 Parmenone:
886 3201 919 3258 ta
938 3202 1118 3274 ereumeutts
1130 3199 1274 3258 Caecilius
1375 3213 1380 3222 ’

169 3311 268 3378 posce
285 3306 424 3379 parmam,
448 3308 480 3364 tn
502 3307 610 3364 edesio
635 3307 795 3398 Terentius,
818 3308 850 3366 tu
869 3309 1049 3366 sermonibus
1059 3308 1186 3366 Plautus
1209 3303 1272 3386 (ap.

173 3406 260 3472 Non.
272 3405 377 3493 p.374
389 3407 553 3488 Poscere),
577 3407 631 3490 qui
648 3407 745 3472 etiam
767 3429 883 3472 uocem
906 3430 1012 3472 sermo
1029 3431 1047 3470 a
1062 3407 1273 3472 conectendis

173 3515 282 3580 uerbis
302 3515 390 3580 ducit
404 3516 444 3579 de
457 3515 538 3602 ling.
551 3515 606 3580 lat.
614 3516 664 3580 VI
675 3516 716 3579 64
727 3541 758 3604 p.
772 3517 832 3580 241
854 3541 948 3583 sermo
971 3526 1077 3597 opiner
1099 3528 1141 3582 est
1161 3542 1181 3582 e
1199 3525 1274 3582 certe

174 3633 251 3690 eade
261 3636 341 3690 serta
349 3652 359 3702 ‚·
377 3633 464 3690 etiem
475 3633 508 3690 iu
518 3635 686 3691 eeste'meuto
700 3637 812 3691 sortem
823 3634 901 3706 qued
912 3633 1167 3706 comprehensum
1180 3647 1274 3690 sermo

174 3757 372 3768 —-·-·---....-.--

274 3825 302 3894 1)
320 3825 466 3880 Nonnullis
486 3825 560 3879 enim
577 3825 645 3880 loeis
666 3825 744 3891 (Gell.
754 3825 845 3879 XVIII
861 3825 903 3894 12,
913 3825 939 3882 8.
960 3825 1034 3882 Aere
1052 3825 1088 3880 ad
1105 3825 1201 3879 Horat.
1220 3827 1273 3880 art.

175 3926 248 3990 poet.
262 3922 323 3976 202.
345 3921 435 3977 Rufin.
454 3924 471 3977 l.
483 3941 503 3976 s.
518 3927 551 3992 s.)
575 3922 723 3976 laudantur
742 3925 807 3975 libri
826 3925 857 3976 de
877 3926 970 3994 linque
990 3927 1077 3977 latinu
1100 3926 1134 3976 nd
1151 3923 1270 3976 Marcel·
1368 3920 1371 3925 ’

176 4022 237 4084 lum,
258 4019 293 4073 ad
312 4037 392 4087 quem
410 4021 497 4074 libros
516 4018 550 4072 de
569 4036 696 4073 sermone
714 4018 802 4072 latino
818 4019 937 4088 scriptos
953 4037 1012 4073 esse
1024 4019 1127 4072 Gellius
1139 4017 1200 4084 (XII
1210 4016 1235 4084 6,
1246 4017 1273 4070 3.

177 4114 218 4183 10,
225 4115 253 4184 4)
264 4116 359 4169 tradit.
376 4121 523 4185 praetcrea
534 4116 608 4185 apud
618 4116 736 4169 Gellium
746 4115 806 4184 (ΧΠ
817 4116 860 4182 10,
867 4115 896 4184 4)
910 4120 939 4168 et
949 4114 1102 4168 Charisium
1113 4116 1150 4183 (p.
1157 4113 1219 4182 241,
1227 4113 1273 4183 27)

176 4210 293 4280 legimus
317 4215 348 4266 de
376 4214 462 4266 latino
484 4233 614 4280 sermone,
645 4213 694 4266 sed
717 4210 1000 4280 uterquealileloeie
1022 4209 1286 4284 (Gell.X116,10.w

178 4307 239 4362 XVI
253 4309 296 4376 12,
308 4309 331 4363 7.
354 4309 433 4364 Cher.
446 4327 473 4380 p.
485 4309 545 4378 103,
557 4310 601 4364 26.
614 4309 728 4376 124,13.
741 4309 801 4376 126,
813 4308 856 4364 22.
877 4305 991 4376 135,18.
1012 4307 1073 4374 205,
1088 4305 1132 4376 15)
1153 4306 1271 4360 eundem

178 4421 257 4475 quem
275 4407 460 4477 Hieronymus
478 4407 604 4462 ordinem
622 4411 725 4462 tuetur.
