3152 5142
667 491 706 549 87

142 667 175 744 in
198 675 302 731 metro
323 665 529 754 explicando,
549 667 592 730 de
614 685 676 750 quo
700 663 778 749 quid
800 663 1019 729 Aristoxenus
1040 666 1180 730 senserit
1200 687 1242 730 ex

142 777 291 844 Aristide
316 775 520 858 Quintiliano
532 778 556 856 ¹)
587 774 646 858 (cl.
676 775 719 838 A.
741 771 909 839 Rossbach
932 773 1058 857 grieoh.
1082 784 1176 839 metr.
1209 797 1240 862 p.

143 887 181 950 13
195 887 258 972 sq.)
281 884 512 971 conligendum
534 894 593 965 est,
615 882 733 949 abhoc
753 905 819 949 non
831 882 992 966 discessit,
1010 901 1086 948 uam
1100 894 1240 950 metrum

143 996 333 1079 rhythmum
354 994 452 1059 modo
474 993 601 1058 linitum
625 990 708 1058 dixit
731 991 784 1074 (ir.
801 991 869 1074 65),
899 1000 931 1056 et
961 991 1022 1056 hac
1050 991 1241 1058 definitione

142 1105 239 1170 nixus
262 1101 341 1190 quid
363 1104 450 1169 inter
470 1097 643 1188 utromque
667 1101 843 1167 discrimen
880 1101 922 1165 sit
942 1102 1118 1166 accuratius
1143 1125 1244 1192 expo·

143 1216 207 1280 suit
219 1214 349 1298 (frte).
374 1237 448 1278 cum
468 1221 575 1282 sutem
593 1213 628 1276 in
651 1211 746 1276 metri
767 1210 956 1277 delinitione
976 1213 1189 1300 praecipuum
1209 1213 1239 1278 ei

143 1325 184 1390 sit
206 1323 294 1412 quod
316 1325 415 1389 linem
438 1323 544 1406 habet,
568 1322 676 1387 statim
698 1321 761 1386 hoc
785 1321 857 1385 loco
879 1340 952 1386 cum
975 1321 1155 1411 disputasse
1174 1321 1241 1388 exi-

142 1435 238 1502 stimo
263 1433 304 1496 do
325 1429 521 1498 finibnsuel
544 1423 697 1497 clausulis
722 1439 899 1496 metrorum
915 1431 970 1514 (fr.
982 1433 1049 1515 67),
1071 1421 1239 1517 dequibus

144 1543 185 1608 cf.
208 1543 246 1609 R.
267 1542 414 1628 Bentley
442 1541 552 1614 sehed.
585 1541 625 1606 de
652 1549 744 1606 metr.
770 1541 903 1606 Terent.
929 1565 960 1629 p.
980 1541 1027 1608 8.·
1045 1540 1086 1605 ad
1107 1541 1240 1608 Terent.

144 1652 288 1739 Adelph.
314 1652 475 1737 1111431.
508 1651 551 1718 G.
574 1653 743 1718 Hermann
766 1653 860 1718 alem.
883 1652 984 1718 doctr.
1007 1661 1100 1719 metr.
1123 1673 1153 1739 p.
1169 1654 1240 1721 181.

142 1765 222 1830 432·
258 1763 382 1828 deinde
412 1773 522 1852 partos
550 1765 643 1849 quasi
667 1765 762 1830 metri
795 1767 1019 1832 recensendae
1051 1775 1143 1831 erant
1173 1767 1244 1833 cola

144 1876 303 1939 commata
323 1873 449 1962 periodi
475 1874 528 1958 (fr.
541 1873 608 1960 68),
631 1871 858 1961 ci.Westphal
880 1875 992 1964 philol.
1013 1875 1079 1941 XX
1091 1902 1122 1965 p.
1134 1877 1174 1940 79
1186 1897 1263 1962 sq„-

145 1997 282 2067 quorum
303 1981 399 2044 colon
419 1990 468 2044 est
491 1979 578 2064 quod
599 1973 699 2046 linitis
724 1991 849 2048 constat
867 1982 1016 2069 podibus,
1053 2007 1180 2049 comma
1211 1985 1244 2050 in

145 2111 209 2178 quo
226 2112 305 2176 ‚pars
323 2087 418 2177 pedis
439 2099 595 2174 remanet,
628 2109 711 2175 quae
740 2090 872 2155 nomina
896 2075 1085 2158 constanter
1105 2095 1241 2158 conion-

143 2200 275 2284 duntur,
295 2209 332 2264 ut
354 2199 556 2266 aDiomede
578 2199 701 2285 p.498,
722 2199 772 2283 10,
806 2199 903 2265 immo
932 2223 951 2265 ο
972 2199 1142 2267 Victorino
1167 2203 1238 2292 ipso

144 2307 201 2394 qui
229 2301 437 2396 statim-post
466 2307 525 2372 has
546 2305 751 2374 definitiones
777 2308 914 2392 (113st
935 2329 966 2396 p.
994 2309 1077 2374 2498
1089 2307 1132 2397 Ρ)
1161 2335 1245 2377 ονννο

142 2426 298 2498 utumque
320 2417 511 2483 cono'colon
533 2415 687 2503 impellat,
710 2435 783 2481 cum
807 2417 850 2484 sit
871 2439 1008 2500 comma,
1042 2418 1081 2482 cf:
1103 2419 1243 2485 Atilium

145 2524 416 2590 Fortunatianunr
448 2544 545 2612 quam
574 2525 687 2590 dicunt
705 2523 807 2609 1128,
823 2526 842 2590 8
864 2550 894 2615 p.
907 2523 991 2590 2699
1002 2527 1040 2592 P.
1069 2535 1244 2616 utrumque

145 2635 250 2722 igitur
273 2633 314 2699 sd
327 2656 492 2702 caesuram
517 2645 653 2723 spectat,
675 2657 760 2724 quae
781 2636 807 2700 si
829 2659 904 2702 cum
925 2637 991 2701 fine
1014 2637 1107 2724 pedis
1125 2659 1245 2703 conue-

145 2745 194 2812 nit
218 2745 326 2830 cclonj
357 2745 386 2810 si
414 2741 447 2811 in
472 2746 590 2834 pedem
618 2737 732 2811 incidit
764 2767 891 2811 comma
920 2745 1070 2828 efficit’J.
1112 2768 1246 2812 uersum

146 3041 263 3111 quaein
281 3039 419 3094 Victorini
440 3039 519 3093 libris
537 3056 572 3092 ax
583 3039 632 3093 illo
650 3038 762 3093 fluxisse
780 3037 926 3109 Westphel
946 3041 975 3106 (l.
995 3041 1013 3094 l.
1034 3057 1061 3110 p.
1072 3041 1117 3096 91.
1129 3041 1190 3096 101.
1209 3043 1245 3097 el.

147 3139 181 3194 cl.
199 3137 354 3192 harmonih
365 3153 392 3190 u.
410 3137 511 3206 melop.
530 3135 557 3190 d.
579 3137 621 3204 'gn
638 3153 666 3204 p·
683 3133 718 3190 36
730 3137 781 3204 sq.)
806 3135 938 3206 probauit
955 3135 1075 3192 Varroni
1104 3141 1246 3209 tamquam

147 3236 182 3289 sb
200 3234 253 3287 hoc
270 3237 385 3302 accepta
403 3232 528 3286 tribuere
544 3231 630 3296 nolui,
651 3229 715 3300 quis
737 3230 821 3285 etiam
846 3233 914 3288 alios
937 3235 1016 3289 uelut
1034 3233 1161 3290 Caesium
1181 3237 1247 3291 Bas-

149 3349 207 3386 sum
220 3348 254 3384 ex
267 3330 325 3394 illo,
337 3329 506 3398 posteriores
524 3332 616 3381 autern
631 3345 666 3380 ex
681 3327 856 3382 encheiridiis
868 3331 1054 3398 posteriorum
1065 3331 1247 3400 Graecorum,

148 3429 194 3496 qni
212 3427 315 3480 itemm
333 3425 411 3479 illum
436 3422 482 3478 hic
499 3424 558 3478 illic
577 3423 710 3478 adhibere
733 3427 894 3494 potuerunt,
920 3424 1045 3479 hausisse
1071 3428 1115 3480 uel
1139 3432 1247 3482 certum

149 3525 189 3578 ast
208 3519 254 3576 uel
272 3523 426 3592 probabile.

204 3623 210 3634 ‘
247 3620 274 3687 l)
291 3619 305 3672 l
322 3619 394 3689 pte
410 3619 510 3673 Mein:
531 3623 634 3690 μέτρον
652 3618 709 3690 μὲν
725 3609 773 3672 οὖν
792 3617 848 3672 tou.
871 3611 997 3688 σύστημα
1016 3617 1113 3672 ποδῶν
1133 3619 1162 3680 ἐξ
1182 3615 1246 3674 ἂνο-

149 3717 396 3786 perorationes
415 3720 596 3787 συγκείμενον
614 3716 661 3768 ἐπὶ
678 3715 767 3786 μῆκος
785 3707 951 3787 σύμμετρον.
984 3715 1128 3788 διαφέρειν
1146 3712 1177 3769 di
1196 3715 1246 3769 τοῦ

32 3855 33 3865 .
150 3809 258 3884 ῥυθμοῦ
283 3828 379 3884 φασιν,
399 3815 424 3865 οἱ
442 3811 497 3884 μὲν
514 3809 553 3870 ὥς
569 3816 654 3883 μέρος
672 3805 744 3876 ὅλον,
767 3809 858 3882 τομὴν
872 3808 926 3882 γὰρ
945 3811 1054 3883 ῥυθμοῦ
1066 3828 1155 3884 φασιν
1172 3807 1247 3880 αὐτὸ,

149 3905 220 3979 παρὰ
240 3913 286 3962 καὶ
304 3913 408 3980 μέτρον
425 3909 559 3978 εἰρῆσθαι,
580 3903 625 3961 διὰ
643 3904 673 3961 τὸ
693 3913 800 3980 μείρενν
819 3904 835 3960 ὃ
855 3913 981 3980 σημαίνει
999 3913 1125 3980 μερίζειν.
1164 3913 1190 3961 ot
1216 3909 1247 3962 dt

151 4003 214 4058 caric
224 4002 275 4072 τὴν
288 4000 362 4072 ὕλην·
378 4006 433 4059 τῶν
449 4002 503 4075 γὰρ
518 4008 675 4076 γινομένων
693 4005 724 4057 ἔκ
742 4005 819 4058 doctr
837 3999 979 4076 ἀνομοίων
992 3997 1170 4077 νοῦλᾶχιστον
1182 3996 1245 4074 γεν-

151 4095 274 4173 νώμενον
291 4099 411 4174 τὸνμὲν
430 4097 543 4173 ῥυθμὸν
560 4101 591 4154 ἐν
611 4093 687 4170 ἔρσεν
708 4105 753 4153 καὶ
774 4103 848 4154 θέσει
867 4097 917 4168 τὴν
934 4097 1031 4154 edelar
1049 4103 1136 4174 ἔχειν·
1163 4099 1194 4154 τὸ
1214 4101 1245 4156 dl

152 4203 251 4268 μέτρον
269 4195 300 4252 ἓν
320 4175 465 4267 συλλοραΐς
483 4201 528 4250 rat
546 4198 578 4269 τῇ
595 4189 696 4250 τούτων
712 4191 893 4267 ἀνομοιότστν.

245 4293 276 4363 2)
296 4291 376 4348 Vnde
395 4294 480 4348 etiam
499 4294 616 4362 adparet
633 4293 726 4362 paullo
743 4292 857 4346 inferius
871 4293 944 4362 apud
955 4292 1129 4348 Victorinum
1142 4293 1165 4361 (l
1182 4293 1249 4360 luo

52 4462 57 4481 Ι
157 4403 179 4456 p.
192 4387 282 4458 mss),
308 4404 391 4457 quarn
414 4387 526 4443 ornnino
550 4388 626 4442 iusto
642 4387 847 4455 corruptiorem
866 4385 955 4440 edidit
971 4385 1091 4442 Thomas
1109 4385 1248 4455 Gaisiord,
