3152 5142
798 423 836 478 18

255 604 392 669 uerbum
422 609 553 690 practer
578 600 775 667 Martianum
798 598 968 688 Capellam
993 597 1233 666 et'Arnobium
1260 610 1357 668 uento

204 719 210 734 '
254 711 402 778 adhibuit
424 711 512 797 (nam
524 709 773 798 Pseudo-Apul.
789 707 829 774 de
853 708 963 796 dogm.
977 709 1060 776 Plat.
1074 708 1127 774 IH
1137 731 1169 795 p.
1183 708 1245 774 262
1260 707 1353 776 Hild.
1388 783 1389 786 Ἴ

255 819 338 885 nihil
357 820 420 886 nisi
431 819 615 886 Varronem
634 818 679 884 ita
694 818 816 884 dixisse
830 819 959 902 refert),
978 818 1029 884 his
1051 817 1254 904 argumentis
1280 841 1358 884 con-

254 929 374 996 iunctis
398 929 552 1013 adducor,
573 939 609 993 ut
632 951 686 994 eas
708 927 812 993 libelli
835 926 926 992 istius
953 927 1141 1014 particulas,
1164 949 1246 1011 quac
1264 927 1357 1013 ing‘e·

255 1039 346 1104 nium
367 1037 608 1104 Varronianum
633 1037 783 1125 prodant,
805 1035 845 1102 ad
866 1036 968 1101 libros
993 1035 1034 1101 de
1055 1036 1169 1122 lingua
1187 1036 1287 1102 latina
1308 1059 1358 1101 re-

257 1147 367 1212 feram.
399 1145 455 1210 Ad
474 1145 629 1232 syntaxin
651 1144 886 1210 inlustrandam
906 1167 974 1209 non
994 1145 1132 1210 multum
1156 1143 1233 1211 inde
1253 1144 1358 1210 lucra·

257 1277 340 1341 mur,
361 1277 436 1322 nam
458 1277 561 1342 pauca
583 1263 710 1320 tantum
733 1254 774 1319 de
790 1253 900 1319 uerbis
922 1261 956 1318 ct
969 1254 1139 1320 sententiis
1156 1253 1360 1341 simplicibus

259 1363 506 1449 coniunctisque
530 1363 572 1428 ad
593 1363 785 1429 firmandam
807 1361 1055 1448 dispositionem
1079 1387 1170 1429 suam
1192 1365 1359 1453 praefatus

259 1483 316 1540 est.
339 1474 435 1562 plura
459 1473 499 1538 de
523 1472 725 1560 etymologia
746 1472 899 1540 discimus
918 1472 959 1538 de
975 1497 1038 1560 qua
1051 1473 1136 1539 iufra
1151 1473 1266 1540 dicam.
1290 1472 1358 1542 Sed

258 1583 312 1650 hio
342 1583 437 1648 facile
467 1582 595 1667 aliquis.
616 1581 744 1666 obiciat,
775 1605 815 1647 ne
848 1583 1064 1650 confidentius
1093 1583 1247 1668 loquere!
1284 1607 1358 1650 cum

260 1691 346 1758 euim
364 1691 542 1758 Martianus
557 1690 693 1779 Capella
714 1691 858 1760 1111338
870 1691 980 1782 Kopp.
1002 1717 1034 1781 p.
1049 1693 1088 1758 97
1102 1691 1196 1762 Grot.
1220 1716 1287 1759 uon
1310 1715 1359 1758 so·

258 1804 327 1868 lum
352 1801 489 1866 eandem
512 1801 612 1868 totius
636 1801 820 1887 argumenti
851 1801 1098 1888 dispositionem
1125 1813 1222 1890 atque
1244 1805 1360 1892 Augu-

260 1914 362 1979 stinus
379 1917 462 1998 (cap.
475 1911 562 1997 1111)
576 1912 705 1995 habeat,
729 1913 787 2005 sed
808 1912 905 1976 etiam
926 1912 960 1978 in
984 1913 1053 2001 eius
1077 1913 1297 2000 disputatione
1319 1913 1370 1978 de.

260 2022 370 2089 uerbis
392 2021 581 2107 aequiuocis
604 2032 636 2086 ct
657 2021 806 2088 uuiuocis
830 2021 945 2087 eadem
962 2045 1157 2109 quamquam
1170 2024 1273 2110 multo
1288 2023 1361 2088 bre-

261 2133 332 2198 uius
352 2133 517 2218 legantur,
539 2153 620 2217 quac
641 2132 847 2217 Augustinus
868 2133 1040 2218 profert‚¹)
1060 2143 1231 2221 practerea
1253 2143 1362 2200 autem

263 2253 297 2307 et
311 2242 398 2308 hunc
411 2241 466 2322 (de
481 2240 551 2306 ord.
561 2240 597 2306 II
612 2241 659 2319 12,
673 2242 715 2306 35
728 2251 805 2306 tom.
821 2242 858 2307 ΙΙ
869 2264 901 2327 p.
911 2241 974 2308 415
986 2245 1028 2309 cf.
1041 2244 1080 2310 F.
1093 2243 1221 2310 Ritschl
1236 2253 1360 2331 quaest.

261 2373 347 2416 uarr.
360 2374 391 2439 p.
405 2349 438 2433 7)
461 2360 493 2414 ct
512 2349 606 2414 illum
625 2349 710 2433 (ΙΠΙ
723 2349 785 2415 335
806 2373 836 2438 p.
850 2351 889 2414 97
913 2353 956 2416 of.
973 2349 1010 2418 O.
1023 2351 1061 2418 F.
1075 2352 1246 2418 Hermann
1260 2351 1361 2438 praef.
1424 2365 1427 2370 '

263 2461 314 2528 cd.
335 2459 446 2548 Kopp.
468 2483 500 2547 p.
514 2457 591 2525 XX.
613 2458 744 2526 Ritschl
759 2460 815 2524 l.l.
836 2483 868 2546 p.
879 2459 913 2538 5)
930 2460 1089 2526 Varronis
1112 2461 1363 2549 disciplinarum

261 2570 353 2638 libris
377 2591 472 2634 usum
503 2589 574 2634 esse
603 2577 737 2650 constet,
767 2580 877 2634 nonne
908 2569 1010 2636 multo
1039 2570 1110 2635 ueri
1142 2579 1190 2636 est
1212 2570 1371 2655 similius·

261 2679 319 2744 illa
341 2700 358 2742 e
381 2678 465 2744 libro
478 2661 733 2764 'disciplinarum
754 2677 795 2743 dc
812 2676 981 2743 dialectica
998 2680 1143 2764 fluxisse,
1164 2680 1197 2747 in
1211 2701 1274 2768 quo
1288 2679 1362 2744 stoi-

263 2811 376 2854 corum
398 2789 516 2877 placita
536 2810 603 2854 non
632 2789 785 2873 neglecta
807 2809 879 2853 esse
900 2787 1075 2854 uideantur
1087 2789 1138 2875 2)‘?
1163 2811 1270 2876 nequa
1293 2789 1363 2856 sinc

262 2949 458 2958 ...aum-„-

363 3057 391 3125 1)
409 3057 527 3128 August.
538 3059 559 3116 1.
569 3059 587 3112 l.
606 3077 633 3128 p.
645 3059 723 3114 lau:
743 3063 785 3112 ‘ea
805 3076 875 3128 quac
893 3077 949 3112 uua
966 3057 1092 3112 definitio
1109 3061 1204 3128 potest
1221 3057 1365 3116 includere

262 3153 382 3208 uuiuoca
399 3159 551 3208 uocantur:
577 3155 651 3209 illius
672 3159 775 3221 autem,
799 3171 869 3224 quae
896 3156 946 3208 sub
971 3172 1026 3208 uno
1051 3153 1163 3208 nomine
1188 3171 1302 3208 necesse
1321 3158 1365 3208 cst

263 3248 379 3304 definire
397 3249 515 3317 diuerso,
534 3251 679 3320 aequiuoci
697 3269 797 3306 nomen
810 3252 870 3306 est'.
887 3270 914 3321 p.
926 3251 1002 3306 490:
1023 3251 1101 3309 ‘haec
1118 3255 1183 3306 sunt
1201 3251 1289 3320 igitur
1304 3250 1365 3304 uni·

263 3363 341 3412 uoca,
361 3363 430 3416 quae
447 3365 503 3401 non
527 3348 615 3402 solum
634 3348 746 3403 nomine
767 3365 830 3416 unc,
855 3347 904 3414 sed
922 3365 978 3402 una
994 3347 1079 3402 etiam
1099 3347 1223 3402 eiusdem
1243 3345 1363 3400 nominis

264 3440 426 3496 definitione
445 3431 621 3512 clauduntur,
642 3443 767 3514 quamuis
788 3447 817 3499 ct
842 3443 918 3498 inter
945 3461 973 3497 se
999 3443 1123 3513 propriis
1149 3443 1309 3497 nominibus
1335 3420 1366 3496 ct

264 3537 473 3594 definitionibus
497 3541 633 3612 distingui
651 3539 786 3612 possunt.'
823 3539 906 3594 Mart.
934 3540 1045 3610 Capella
1064 3538 1186 3594 1111355
1210 3558 1237 3609 p.
1255 3537 1308 3592 103
1324 3554 1364 3606 sq.

264 3637 456 3705 ‘aequiuocum
474 3643 516 3692 est
539 3639 648 3708 quando
666 3639 817 3692 multarum
835 3655 929 3691 rerum
947 3654 1031 3692 uuum
1050 3640 1094 3690 est
1110 3653 1221 3703 nomen,
1243 3636 1366 3694 sednon
1438 3707 1441 3710 .

264 3733 362 3788 eadem
380 3733 515 3802 definitio,
533 3741 565 3790 ut
581 3737 626 3791 leo
647 3775 713 3793 ...
733 3737 882 3792 uniuocum
906 3740 957 3803 est,
976 3735 1086 3804 quando
1109 3737 1226 3792 duarum
1243 3734 1289 3790 uel
1306 3735 1365 3804 plu-

263 3830 336 3886 rium
356 3849 451 3886 rerum
468 3851 552 3886 unum
571 3850 672 3887 nomon
691 3838 781 3888 estet
799 3832 942 3888 definitio.'

363 3927 392 3993 2)
414 3928 568 3984 Cassiodor.
587 3929 621 3982 dc
641 3930 724 3983 artib.
746 3933 775 3982 et
793 3928 901 3998 discipl.
913 3927 994 3983 liber.
1005 3947 1032 3998 p.
1044 3927 1111 3983 5361>
1135 3929 1234 3984 Garat:
1254 3929 1367 3984 ‘dialec-

264 4025 349 4081 ticam
368 4044 435 4080 uero
455 4031 483 4080 et
504 4027 673 4082 rhetoricam
690 4027 780 4082 Varro
804 4027 833 4080 in
857 4045 958 4082 nouem
981 4027 1192 4096 disciplinarum
1216 4027 1295 4082 libris
1314 4025 1365 4080 tali

263 4123 444 4178 similitudine
471 4123 610 4178 defininit:
630 4124 777 4178 dialectiea
797 4129 825 4177 et
844 4124 986 4178 rhetorica
1003 4129 1046 4180 est
1065 4125 1139 4194 quod
1162 4124 1191 4178 in
1215 4141 1299 4178 mauu
1318 4123 1365 4178 ho-
1427 4115 1436 4123 ”

263 4219 346 4278 minis
363 4238 475 4290 pugnus
494 4222 646 4278 adstrictus
666 4225 695 4276 et
712 4221 805 4291 palma
825 4221 957 4290 distensa,
977 4222 1025 4276 illa
1044 4222 1125 4276 breui
1143 4221 1270 4276 oratione
1283 4239 1364 4292 argu·

264 4322 359 4371 menta
378 4318 555 4386 concludens,
573 4319 629 4374 ista
643 4318 790 4374 facundiae
805 4337 918 4392 compos
931 4319 1045 4390 copioso
1057 4337 1186 4375 sermone
1198 4318 1366 4388 discurrens,
