3126 5146
691 509 727 566 el

162 684 324 771 reperitur
347 707 409 750 nec
437 685 622 771 uestigium.
662 685 782 751 deinde
812 686 954 775 reliquas
984 686 1117 774 quidem
1152 683 1261 750 ortho-

162 792 321 881 graphiae
339 793 533 860 mutationes
554 793 740 859 Lucilianos
760 805 897 882 propter
916 793 1165 861 inconstantiam
1176 792 1259 858 Var-

162 925 276 969 runem
298 903 463 991 respuisse
483 903 596 987 refert,
630 904 688 969 scd
718 903 759 968 de
792 903 972 969 rationibus
997 903 1115 988 quibus
1144 901 1262 968 ductus

161 1037 264 1079 unum
282 1013 365 1078 illud
385 1014 582 1099 probauerit,
605 1034 740 1102 prorsus
760 1014 844 1080 silet.
867 1016 937 1103 ipse
952 1037 1064 1080 rursus
1077 1013 1263 1078 Varronem

161 1122 330 1210 inpugnat,
353 1145 391 1187 eo
411 1132 602 1209 argumento
626 1123 733 1207 nixus,
757 1125 844 1209 quod
855 1125 889 1189 in
900 1124 1009 1190 uerbis
1023 1122 1261 1210 temporalibus

166 1254 294 1320 quoque
316 1233 464 1298 diuersus
480 1235 499 1300 1
518 1233 646 1298 litterae
669 1255 768 1299 sonus
789 1233 824 1300 in
847 1235 1004 1322 singulari
1018 1244 1051 1298 et
1063 1232 1182 1323 plurali
1194 1255 1261 1298 non

106 1394 108 1401 ,
163 1351 341 1408 notaretur.
375 1342 456 1406 haec
478 1342 564 1407 enim
585 1341 746 1408 sententia
767 1343 830 1407 loci
854 1364 925 1408 csse
945 1342 1088 1427 uidetur,
1120 1363 1262 1427 quema

163 1449 318 1516 Putschio
341 1451 424 1526 male
446 1450 569 1515 editum
589 1448 672 1516 duce
695 1450 809 1516 codice
822 1449 982 1517 Bernensi
1000 1450 1046 1516 sic
1061 1453 1131 1517 fere
1147 1451 1261 1536 legen-

164 1557 241 1623 dum
270 1580 342 1624 esse
371 1568 465 1646 puto:
499 1560 607 1644 ‘quam
638 1559 889 1624 inconstantiam
914 1559 1021 1626 Varro
1053 1581 1194 1646 arguens
1226 1559 1262 1625 in

163 1668 303 1734 eundem
325 1690 470 1735 errorem
497 1669 628 1735 diuersa
647 1670 701 1735 uia
730 1668 903 1753 delabitur,
935 1669 1047 1734 dicens
1080 1669 1116 1734 in
1136 1668 1260 1756 plurali

163 1778 295 1866 quidem
313 1800 449 1844 numero
465 1779 585 1846 debere
603 1779 622 1845 I
641 1779 768 1844 litterae
791 1789 959 1846 extremae
979 1779 1007 1846 Ε
1030 1777 1198 1868 praeponi,
1224 1777 1259 1844 in

164 1890 322 1978 singulari
344 1912 424 1956 uero
447 1913 523 1958 non.
553 1891 696 1973 minime,
724 1913 796 1956 cum
821 1900 854 1955 et
881 1890 1002 1975 alioqui
1023 1889 1118 1955 aliter
1138 1887 1173 1954 in
1194 1885 1259 1954 sin-

163 2000 272 2087 gulari
293 2023 388 2087 quam
410 2000 445 2064 in
465 2001 584 2088 plurali
606 2000 732 2088 syllaba
756 2009 856 2066 sonat.
897 2009 935 2065 ut
966 1999 1001 2066 in
1027 1997 1137 2064 uerbis
1161 1995 1261 2061 mani-

162 2111 282 2176 festum
308 2119 367 2190 est,
399 2109 535 2176 dicimus
560 2110 646 2176 enim
665 2111 759 2175 mitto
783 2109 958 2176 emisimus.
1003 2109 1066 2176 nisi
1088 2109 1185 2174 aliam
1206 2106 1261 2174 hio

92 2211 95 2218 ⁴
161 2221 234 2286 uult
257 2241 330 2287 esse
350 2219 519 2302 rationem,
551 2220 639 2306 quod
664 2220 842 2286 absurdum
871 2229 930 2303 est,
961 2223 1021 2302 [ut]
1054 2241 1128 2285 cum
1159 2219 1263 2284 uerba

164 2352 294 2418 quoque
327 2351 369 2395 ex
393 2329 527 2416 syllabis
559 2338 710 2396 constent
738 2341 770 2394 et
794 2330 923 2396 diuersa
950 2329 1067 2417 regula
1093 2329 1259 2414 corrigan-

162 2440 234 2506 tur!
250 2439 275 2524 ¹)
298 2438 413 2504 codem
433 2441 506 2504 loco
527 2439 625 2504 etiam
644 2439 805 2506 uocabula
827 2440 985 2528 quaedam
998 2459 1261 2504 conmemorasse

170 2553 305 2561 m—

263 2586 289 2654 1)
307 2550 403 2640 baiba
420 2603 477 2639 non
497 2585 677 2640 mediocriter
696 2588 831 2655 corrupta
848 2585 888 2640 sic
912 2587 985 2639 toste
1003 2583 1124 2639 Henrico
1144 2581 1207 2637 Keil
1223 2583 1262 2637 le-

162 2687 267 2754 guntur
283 2682 313 2736 in
331 2681 484 2737 codBeru.
499 2682 564 2740 330:
583 2703 663 2753 qaam
682 2686 893 2737 inconstantiam
904 2686 991 2736 Varro
1010 2702 1127 2754 arpnaaa
1146 2686 1175 2734 a'n
1194 2700 1263 2735 aaa·

162 2782 220 2834 deas
239 2781 483 2858 erroremtdiaaraa
501 2784 549 2836 aia
569 2781 708 2845 dilabitur,
734 2781 823 2832 diceas
837 2783 876 2832 'in
899 2781 1005 2849 plurali
1030 2779 1134 2848 qnidam
1152 2795 1262 2888 ratpero

163 2903 256 2956 delere
282 2903 376 2976 littere⁸
397 2907 531 2974 praeponi
555 2906 585 2955 in
610 2903 745 2972 sinpalari
773 2921 838 2955 nero
864 2905 973 2954 minime
999 2919 1057 2954 cnm
1083 2903 1188 2970 alioqui
1209 2919 1262 2954 aon

164 2999 274 3052 aliunde
292 3000 477 3069 iasinpalara'
496 3019 574 3068 qaam
593 3002 622 3052 in
640 3009 760 3052 extrema
780 2999 886 3068 apllaba
905 3008 983 3052 sonat
1003 3007 1031 3050 nt
1051 3001 1080 3049 in
1098 2995 1187 3049 uerbis
1206 3015 1262 3048 nra·

162 3097 291 3162 nifastem
311 3105 358 3148 eat.
384 3097 496 3149 dicimur
519 3098 588 3148 anim
608 3098 684 3149 mitto
706 3099 851 3162 emisimus,
876 3097 930 3148 nisi
958 3095 1044 3147 aliam
1063 3095 1106 3146 tic
1124 3094 1185 3146 nult
1204 3111 1262 3144 aare

163 3193 294 3244 rationem
313 3193 380 3262 qnod
400 3184 543 3249 absurdam
562 3202 609 3257 eat,
638 3203 667 3245 ut
693 3211 751 3246 cam
777 3194 861 3244 narba
885 3211 985 3264 qnoque
1005 3211 1038 3243 ea·
1058 3191 1171 3260 syllabis
1194 3207 1262 3242 con-

163 3297 235 3340 stant
255 3297 280 3340 at
299 3287 408 3340 diuersa
426 3290 522 3358 rapula
541 3292 722 3358 corripantnr.
757 3303 813 3340 uox
837 3299 862 3340 et
884 3303 940 3340 non
961 3302 1011 3340 suo
1029 3285 1092 3340 loco
1113 3301 1146 3339 ue
1164 3283 1262 3340 littera

162 3385 195 3435 ·i·
213 3381 314 3437 omisso
335 3405 347 3437 a
365 3383 451 3452 (quod
461 3382 566 3452 requiri
577 3382 650 3437 uidit
667 3383 699 3439 L.
709 3384 740 3436 F.
751 3381 876 3438 Schmidt
897 3383 924 3438 Ο.
944 3381 1035 3436 Lucili
1054 3386 1170 3436 saturer.
1191 3397 1260 3449 quae

163 3481 197 3535 de
215 3497 289 3533 nono
303 3479 375 3534 libro
394 3483 545 3548 supersunt
555 3479 625 3550 disp.
639 3484 667 3534 et
677 3481 715 3534 ill.
727 3499 754 3550 p.
765 3479 812 3548 24)
834 3480 1038 3548 suprascriptae
1057 3495 1141 3548 praue
1156 3478 1262 3546 scripta

162 3593 222 3630 esse
241 3576 328 3630 uerba
347 3575 507 3629 ostendunt.
544 3581 573 3630 et
591 3575 664 3630 haud
684 3577 792 3647 uolgari
814 3575 896 3629 modo
916 3575 1032 3630 confusa
1049 3579 1078 3629 et
1096 3576 1262 3644 perturbata

162 3688 222 3727 esse
234 3670 337 3725 debent
346 3688 416 3739 quae
425 3688 515 3740 neque
526 3669 651 3742 intellegi
663 3663 752 3741 neque
771 3671 944 3741 singularum
963 3671 1114 3725 uerborum
1132 3670 1262 3724 mutatio·

161 3768 242 3822 nibus
260 3765 373 3820 restitui
388 3771 515 3836 possunt.
551 3768 697 3822 librarium
725 3767 863 3837 quendam
887 3765 1015 3820 existimo
1041 3766 1174 3820 nonnulla
1193 3765 1260 3818 omi·

162 3862 230 3917 sisse
259 3866 288 3916 ct
305 3863 425 3933 margini
446 3863 635 3934 adscripsisse,
660 3880 730 3932 quae
757 3863 858 3916 deinde
882 3879 939 3916 nou
963 3863 1052 3916 solum
1079 3863 1168 3916 alieno
1197 3859 1260 3914 loco

161 3959 348 4029 inrepserunt,
366 3977 464 4013 uerum
483 3959 566 4012 etiam
585 3960 640 4014 alia
658 3965 686 4013 et
705 3959 862 4014 necessaria
881 3959 1056 4028 expulerunt,
1084 3962 1116 4012 ut
1144 3957 1183 4012 ite
1201 3957 1259 4011 fere

161 4057 250 4111 uerba
267 4073 296 4109 se
314 4055 444 4110 habuisse
463 4057 627 4111 uideantur:

163 4173 240 4223 quana
259 4157 469 4207 inconstantiam
481 4157 567 4208 Varro
579 4174 694 4226 arpacaa
706 4157 853 4208 ineundam
864 4173 983 4206 errorem
1005 4155 1115 4206 diuersa

161 4245 209 4295 nia
227 4243 357 4310 dilabitur
376 4244 465 4295 dicens
483 4247 513 4295 in
531 4245 637 4312 plurali
655 4244 759 4313 quidam
778 4261 889 4294 namara
903 4241 994 4294 debera
1006 4243 1114 4293 lillarac
1125 4261 1154 4308 φ

161 4331 301 4400 praeponi,
308 4334 338 4384 in
347 4333 483 4401 ainpnlari
494 4351 560 4385 nero
571 4335 679 4385 minime
690 4349 748 4384 cnm
756 4333 859 4400 alioqui
867 4330 979 4384 aliunde
987 4332 1112 4400 intinqu-
1123 4340 1241 4400 entrance

162 4415 217 4468 lari
230 4435 307 4486 qaam
319 4421 349 4472 in
358 4419 463 4490 murali
473 4421 579 4487 apllala
590 4429 676 4473 sonat.
696 4428 724 4471 nt
736 4421 765 4472 ia
775 4420 865 4472 naalia
878 4421 1048 4488 manifeatnn
1063 4427 1111 4483 eat,
1126 4421 1153 4454 ’θ’
1168 4398 1192 4454 ὡ
1207 4418 1260 4462 ’⁸⁰⁸
