3126 5146
712 439 770 494 127

190 613 226 680 C.
254 614 393 680 Mueller
421 615 495 678 hist.
515 637 566 700 gr.
591 614 884 701 fr.11p.44sq.),
912 613 1017 677 uoluit
1048 635 1163 677 sonam
1193 595 1285 678 illum

188 723 396 811 peculiarem,
421 743 517 806 quem
541 721 566 782 Γ
589 731 663 787 ante
687 720 714 781 Γ
728 722 759 782 1(
775 721 803 782 1(
827 721 973 804 haberet,
997 716 1137 802 ὅγγμαῑ)
1163 745 1286 787 nuncu·

178 833 314 924 pariet
336 832 419 897 hane
442 831 594 913 litteram,
628 831 753 896 etiamsi
783 841 860 895 nota
891 831 960 896 eius
988 853 1053 896 nen
1075 831 1110 896 in
1133 839 1286 918 promptu

188 951 285 1022 esset,
306 940 498 1026 nigesimam
518 939 662 1024 quintam
686 962 767 1004 esse.
797 939 922 1004 addidit
938 939 1046 1004 Varro
1069 940 1209 1006 eundem
1236 963 1285 1004 so-

188 1072 266 1115 num
288 1049 412 1114 eisdem
435 1049 515 1114 locis
537 1049 571 1114 in
593 1049 760 1115 uocabulis
788 1049 896 1115 latinis
927 1049 1031 1113 audiri
1062 1049 1205 1135 ideoque
1225 1050 1286 1116 Ae

188 1155 305 1240 tiumi)
328 1157 403 1222 talia
423 1157 527 1221 uerba
550 1156 715 1244 duplieiG
737 1158 917 1245 scripsisse.
950 1159 1052 1223 uerba
1073 1157 1191 1223 tradita
1211 1167 1287 1223 sunt

187 1267 285 1331 haee:
306 1275 338 1332 in
360 1274 500 1332 eiusmodi
521 1275 621 1348 yrenei
642 1277 669 1332 et
682 1271 784 1332 Attius
806 1277 905 1332 noster
927 1269 996 1333 bina
1018 1273 1046 1334 (i
1065 1275 1206 1344 semlant,
1231 1273 1284 1333 ars

187 1381 223 1440 N
240 1385 267 1441 ct
289 1380 325 1450 (l,
356 1381 434 1454 qnod
460 1383 493 1439 in
513 1382 567 1440 lroe
588 1383 741 1440 acritatem
761 1381 863 1440 nidere
883 1381 972 1453 focile
992 1399 1051 1440 nen
1072 1385 1123 1440 est.
1168 1374 1287 1439 additis

188 1483 297 1548 uerbis
313 1485 402 1564 ‘qnod
411 1531 431 1547 ..
442 1531 448 1546 .
459 1532 464 1545 .
477 1507 535 1548 non
548 1481 597 1548 est'
614 1505 680 1546 non
695 1481 729 1546 id
745 1481 939 1567 agitVarro,
951 1492 1024 1547 utra
1036 1483 1197 1548 sententia
1209 1505 1289 1550 aera

189 1593 241 1675 sit,
267 1600 339 1657 utra
360 1591 460 1673 falsa3
480 1614 553 1656 nam
576 1590 730 1676 deinceps
749 1590 903 1656 relicuom
927 1591 1082 1656 Attianae
1108 1592 1288 1658 sententiae

189 1711 316 1789 partem
339 1711 536 1765 memoratus
557 1711 623 1766 est:
652 1709 787 1767 similiter
808 1725 915 1784 anceps
935 1725 1052 1784 necere,
1085 1701 1199 1788 quibes
1224 1723 1287 1789 quo

190 1811 401 1899 conpleretur
416 1809 514 1875 dictio
530 1810 611 1874 haee
622 1809 692 1874 fere
703 1809 860 1876 adiecisse
872 1810 1014 1896 scriptor
1026 1808 1159 1875 uidetur
1169 1833 1228 1891 per
1237 1817 1292 1878 GU

188 1926 298 1997 Attinas,
321 1927 369 1986 illi
385 1944 444 2001 per
456 1925 521 1986 Ne.
565 1919 673 2002 itaque
693 1941 760 1984 non
777 1919 869 1984 illam
882 1919 986 1984 Varro
1011 1917 1091 1983 dicit
1113 1917 1287 1984 ueritatem

193 2050 276 2113 quae
298 2028 501 2115 grammatici
523 2027 644 2093 iudicio
668 2029 895 2116 conprobatur,
914 2028 1056 2098 sedeam
1076 2027 1288 2116 quaeinipso

189 2137 393 2222 loquentium
419 2157 571 2202 sermone
595 2146 644 2203 est
666 2147 699 2202 et
721 2137 864 2221 auditur3
891 2139 931 2203 ab
953 2137 1017 2203 hoe
1036 2146 1146 2202 autem
1163 2158 1287 2204 sermo-

188 2247 239 2312 nis
272 2269 353 2312 sono
381 2246 532 2311 dissociat
563 2246 695 2332 signum
722 2248 792 2312 seni
816 2248 903 2333 quod
924 2248 958 2312 in
981 2245 1100 2312 litteris
1122 2246 1289 2312 cernitur:

191 2378 326 2444 prorsus
347 2355 444 2422 simili
466 2357 594 2421 ratione
614 2365 710 2441 atque
732 2359 810 2422 artis
832 2357 1016 2422 rhetoricae
1038 2356 1215 2445 scriptores
1232 2377 1288 2420 ue·

188 2465 317 2532 ritatem
352 2466 472 2530 actioni
505 2466 628 2532 forensi
661 2466 818 2550 tribuunt,
846 2465 961 2553 procul
996 2465 1117 2530 habent
1148 2467 1188 2530 ab
1217 2487 1288 2530 um·

189 2575 311 2640 bratica
341 2573 577 2641 declamatione
611 2574 853 2640 exercitationis
880 2595 975 2640 eausa
995 2574 1156 2658 instituts3
1195 2574 1288 2640 euius

188 2684 235 2748 rei
267 2685 417 2773 exempla
448 2683 703 2771 suppeditabunt
724 2683 893 2748 Ernestius
917 2684 1013 2748 lexic.
1034 2683 1177 2751 technol.
1198 2683 1287 2748 latin.

291 2965 318 3034 1)
331 2959 437 3037 Ἅγγμα
456 2983 471 3019 e
491 2967 652 3020 coniectura
670 2969 720 3019 ten
737 2964 836 3018 Brinki
851 2965 869 3018 l.
884 2981 905 3017 s.
926 2964 1025 3032 scripsi
1041 2981 1104 3017 eam
1124 2979 1226 3016 nomen
1243 2962 1288 3016 lit·

188 3067 268 3116 terae
286 3078 354 3116 sono
373 3061 415 3116 illi
434 3061 673 3116 accommodatum
693 3059 779 3114 fuisse
797 3063 1015 3114 consentaneum
1035 3059 1080 3114 sit

288 3157 315 3224 2)
334 3157 427 3212 Verba
444 3157 582 3212 Victorini
602 3157 670 3228 (14,
688 3158 707 3210 4
725 3156 879 3227 passer.)
898 3161 990 3212 Atrine
1010 3175 1070 3211 crim
1089 3158 1218 3210 scriberet
1235 3175 1288 3210 nn-

188 3258 250 3326 9nis
267 3256 384 3324 aepulas
404 3253 527 3324 (anquira
548 3257 658 3325 ananias
678 3253 739 3308 eod
757 3254 845 3308 Paris.
864 3253 934 3308 7539
955 3252 1095 3306 (laisfordi
1113 3255 1142 3305 et
1160 3251 1221 3305 eod.
1236 3250 1289 3305 Va·

187 3348 360 3404 lentinianus
372 3348 553 3404 ef.Ritschll.
565 3367 585 3402 s.
596 3350 676 3419 p.23)
695 3354 848 3421 imponebat
865 3349 1013 3404 reserenda
1032 3347 1151 3404 suntad
1168 3364 1202 3401 ea
1219 3363 1289 3416 quse

176 3444 364 3516 ,praecedunt
382 3457 558 3500 remanentes
578 3448 686 3500 litteras
707 3465 760 3498 non
776 3449 955 3517 pernimiam,
976 3486 1003 3499 ..
1024 3487 1029 3498 .
1049 3447 1096 3500 sed
1114 3464 1198 3516 supra
1217 3447 1288 3499 litte·

188 3561 249 3596 ranr
270 3561 348 3612 qnam
366 3545 501 3614 (seminari
522 3544 660 3612 oportebat
679 3543 787 3595 scilieet
805 3543 940 3595 sicilicum
960 3543 1129 3612 imponebant
1149 3581 1201 3607 ...,
1218 3545 1289 3595 sient

188 3648 304 3709 apparet
320 3640 350 3692 in
367 3640 460 3692 multis
478 3639 564 3692 adlice
581 3638 717 3692 ueteribus
736 3640 778 3690 ite
797 3641 908 3707 seriptis
921 3637 1008 3690 libris.
1025 3637 1207 3702 lidentonam,
1220 3653 1289 3706 quae

188 3739 326 3805 pressiore
344 3752 409 3788 sono
428 3735 575 3788 ducentur
595 3753 679 3788 nnana
697 3752 782 3787 cansa
792 3737 868 3802 [nsua
883 3733 991 3786 odiosas
1008 3749 1057 3803 per·
1077 3733 1128 3787 due
1149 3736 1168 3786 S
1189 3733 1289 3786 acrita-

188 3833 367 3886 lentescens
387 3829 496 3898 (caussa
516 3835 608 3898 [nnus
629 3831 770 3897 adrassus).
796 3833 876 3884 insta
901 3840 990 3883 antem
1008 3847 1061 3883 oron
1078 3830 1210 3899 ponebant
1230 3829 1288 3894 cll,

188 3927 283 3981 deinde
300 3945 348 3980 nee
369 3927 525 3980 Alcmenam
543 3926 666 3979 dicebant
684 3944 732 3979 nee
753 3927 901 3978 Termessos
919 3937 943 3977 e.
955 3940 980 3992 q.
995 3941 1017 3978 s.
1037 3923 1068 3978 iu
1085 3923 1187 3992 quibus
1206 3937 1288 3990 quse·

187 4021 253 4077 dam
271 4021 306 4077 de
325 4020 474 4077 scribendo
494 4020 608 4076 nomine
628 4023 750 4076 leonem
770 4037 832 4074 eum
851 4019 958 4074 duobus
975 4019 994 4075 S
1013 4019 1149 4074 excidisse
1168 4021 1246 4087 puto,
1271 4031 1288 4070 a

188 4118 290 4188 quibus
308 4117 345 4172 ad
360 4117 464 4172 formas
485 4121 626 4172 Tecnmesn
646 4120 674 4170 et
696 4119 820 4171 Taenara
845 4115 994 4170 declinarit
1012 4115 1182 4181 Victorinus,
1205 4131 1288 4184 quem

188 4213 301 4284 quidem
321 4213 389 4268 satis
406 4213 589 4284 neglegenter
607 4210 753 4282 scripsisse
770 4212 816 4266 uel
833 4210 878 4266 hie
898 4212 975 4266 loeus
997 4211 1089 4265 docet.
1127 4210 1162 4264 de
1181 4209 1286 4265 sicilico

189 4309 224 4364 ef.
246 4309 362 4366 Ritschl.
381 4310 465 4379 prise.
484 4309 532 4364 lat.
550 4327 624 4364 mon.
647 4308 735 4378 epigr.
754 4324 843 4362 enarr.
862 4326 890 4377 p.
901 4307 945 4362 81.
