3140 5148
729 465 789 532 ns

214 654 403 741 egredimur
433 651 484 720 ut¹
504 677 545 720 ex
577 675 662 735 arca,
684 653 736 718 ‘in’
760 653 871 717 locum
896 653 930 715 in
954 669 1051 735 quem
1072 641 1199 715 ¹ibimus
1219 660 1256 714 ut
1277 651 1311 716 in

212 785 332 846 aream,
345 762 405 828 ‘ad'
419 764 528 829 locum
552 762 593 827 ed
617 783 714 846 quem
739 759 865 826 adimus
887 771 923 828 ut
937 762 977 827 ad
996 762 1166 848 parietem,
1190 760 1250 826 ‘ab‘
1264 763 1310 826 lo-

214 895 287 940 cum
308 897 328 937 a
351 894 415 960 quo
437 871 634 936 discedimus
656 879 693 934 ut
715 895 734 934 a
754 871 890 958 pariete.
941 871 1057 936 horum
1087 870 1224 934 duorum
1256 871 1309 935 ad·

213 984 412 1064 uerbiorum,
435 1001 477 1046 ex
497 991 530 1045 et
551 981 602 1064 ab,
623 979 821 1066 posteriores
842 979 957 1043 literae
980 978 1087 1042 solent
1110 977 1207 1061 demi,
1230 979 1310 1042 alias

176 1097 306 1158 erecte
336 1091 416 1155 alias
437 1111 621 1178 perperam.
667 1089 794 1174 quando
830 1109 910 1173 ergo
946 1107 998 1170 ex,
1030 1086 1158 1172 quando
1193 1107 1211 1150 θ
1244 1085 1309 1150 dici

212 1209 360 1288 oporteat
373 1221 415 1264 ex
431 1197 703 1285 consequentibus
716 1195 884 1262 uocabulis
905 1193 1182 1260 animaduertitur.
1203 1197 1207 1274 Ι
1227 1195 1306 1258 item

218 1307 253 1372 et
273 1307 378 1394 ‘apud’
401 1308 510 1372 locum
540 1303 702 1393 significat
730 1316 781 1370 ut:
816 1303 950 1384 [accede
976 1302 1017 1368 ad
1039 1309 1103 1384 me]
1129 1304 1185 1388 qui
1208 1303 1311 1368 domi.

214 1417 280 1482 nati
311 1415 398 1504 apud
431 1437 482 1480 mc
515 1425 600 1498 sunt,
628 1415 714 1503 apud
742 1413 835 1478 illum
869 1413 932 1479 est.
976 1413 1036 1478 ‘de’
1066 1433 1196 1498 quoque
1230 1433 1309 1476 non·

213 1546 390 1610 numquam
401 1545 460 1612 pro
483 1523 521 1588 ‘a’
547 1525 690 1613 ponitur,
708 1532 740 1588 et
761 1543 1005 1608 nonnumquam
1017 1545 1076 1610 pro
1091 1522 1163 1602 ‘ex'‚
1187 1540 1247 1606 pro
1272 1522 1307 1584 ‘a'

161 1642 197 1697 10
213 1635 250 1700 ut
270 1634 305 1702 in
325 1636 387 1698 hoc
408 1683 415 1698 .
509 1634 562 1698 ‘de
574 1633 744 1721 prouincia
755 1631 879 1698 uenire’
903 1631 956 1716 qui
976 1652 1011 1695 se
1033 1629 1122 1712 dicit,
1143 1651 1218 1693 nam
1240 1649 1310 1715 per-

214 1756 327 1831 peram
359 1751 416 1824 est,
445 1743 531 1830 imus·
560 1741 647 1806 enim
677 1742 711 1804 in
739 1737 942 1829 prouinciam
971 1739 1063 1803 utin
1084 1760 1202 1804 nauem
1223 1747 1255 1802 et
1276 1738 1310 1801 in

215 1852 348 1930 circum,
361 1851 487 1916 eximus
508 1859 545 1914 ut
566 1873 584 1916 θ
605 1871 687 1916 naue
710 1871 728 1914 e
752 1850 838 1914 circo
864 1850 909 1914 sic
932 1869 949 1912 e
972 1847 1150 1936 prouincia.
1172 1847 1213 1911 de
1235 1869 1309 1933 pro-

213 1959 320 2026 uincia
342 1959 563 2025 existimamus
586 1981 660 2024 cum
683 1959 724 2024 de
747 1979 784 2024 ea
804 1961 889 2024 bene
903 1967 957 2022 aut
973 1957 1056 2022 male
1073 1957 1310 2043 praedicamus,

206 2182 310 2244 ,mutas
324 2179 475 2234 obseruare
494 2177 552 2233 dixi
570 2180 711 2247 oportere.
747 2177 788 2232 ita
807 2175 837 2232 in
854 2176 898 2230 his
918 2175 1003 2230 debet
1019 2174 1090 2240 fieri,
1109 2177 1142 2229 ut
1160 2179 1205 2229 est
1225 2193 1241 2229 θ
1258 2175 1311 2230 Va-

216 2252 309 2304 ticano
329 2268 343 2304 e
364 2249 476 2304 iudaea.
521 2251 564 2303 sin
582 2250 752 2304 uocabulum
770 2250 839 2304 duas
856 2248 968 2302 uocales
987 2249 1115 2318 proxime
1133 2265 1190 2302 non
1207 2247 1311 2310 habuc·
1392 2295 1404 2302 .

215 2323 253 2376 rit
270 2322 443 2386 coniunctas,
469 2337 587 2390 quorum
612 2321 648 2375 sit
669 2321 767 2374 littera
792 2321 923 2389 princeps
941 2317 966 2375 V
983 2319 1063 2372 autI
1087 2319 1206 2388 proinde
1226 2323 1310 2386 atque

217 2392 309 2448 ΑΕΟ
328 2393 366 2446 sit
381 2393 610 2457 obseruandum·
624 2393 699 2462 quod
721 2391 819 2462 potius
844 2391 901 2446 dici
920 2393 1034 2460 oportet
1053 2407 1087 2444 ex
1105 2390 1208 2459 Irpinis
1228 2409 1311 2458 quam

215 2482 231 2520 e
248 2464 360 2534 Irpinis,
381 2483 415 2518 ex
432 2463 549 2518 Vmbria
568 2481 650 2532 quarn
669 2481 684 2518 e
701 2463 826 2518 Vmbria.
863 2462 993 2516 similiter
1010 2462 1039 2514 in
1057 2461 1084 2515 Η
1100 2462 1197 2515 littera
1214 2462 1311 2514 obser-

216 2537 280 2591 uari
298 2536 391 2600 (lebet,
409 2539 442 2588 ut
461 2535 491 2589 in
507 2535 533 2588 A
551 2535 614 2591 EO
634 2535 747 2598 litteris,
774 2553 809 2588 ne
828 2533 953 2588 dicamus
972 2551 987 2587 θ
1003 2533 1137 2602 Hymetto
1155 2533 1310 2600 thymaesto

217 2610 256 2662 lis
275 2607 308 2678 B)
329 2608 379 2660 sed
398 2624 433 2660 ex
450 2606 594 2674 Hymetto.
624 2606 754 2659 similiter
773 2609 816 2660 est
835 2605 864 2658 in
883 2606 944 2659 ‘ab’.
969 2605 1134 2673 quibusdam
1152 2604 1311 2673 diligentio-

214 2678 293 2734 ribus
311 2679 437 2732 leuitatis
456 2695 539 2731 causa
556 2677 629 2731 solet
640 2677 748 2731 demiB
762 2679 791 2746 (p
806 2679 848 2745 Β),
869 2693 933 2731 cum
949 2677 1127 2745 propositum
1140 2689 1177 2728 est
1189 2676 1310 2729 uocabu-

216 2749 252 2805 lis
271 2753 320 2804 aut
337 2749 496 2802 nominibus
515 2748 650 2802 locorum.
686 2749 716 2800 in
735 2750 835 2817 quibua
855 2747 998 2816 principes
1017 2751 1082 2800 sunt
1098 2748 1211 2800 litterae
1230 2747 1310 2799 semi·

216 2821 329 2876 uocales
347 2824 395 2874 aut
413 2824 516 2884 mutae,
536 2837 598 2874 eam
615 2820 779 2888 repudiant:
799 2819 905 2884 aBaiis,
916 2819 1042 2887 aCapm,
1062 2818 1221 2872 aDertona.
1246 2835 1310 2870 con-

217 2897 263 2946 tra
281 2910 338 2946 non
357 2893 480 2947 demitur
497 2891 528 2955 Β,
545 2909 612 2944 eum
630 2891 660 2944 in
677 2891 822 2945 uocabulis
844 2894 893 2944 aut
912 2891 1071 2943 nominibus
1090 2893 1133 2942 cst
1145 2889 1311 2957 primumA

213 2963 276 3028 EO,
295 2967 329 3017 ut
346 2965 380 3018 ab
394 2962 498 3027 Aricia,
518 2964 553 3016 ab
565 2963 642 3016 Elea.
680 2963 723 3016 sin
737 2962 760 3016 V
778 2967 827 3016 aut
843 2961 864 3026 1,
885 2961 1025 3030 duplicem
1041 2961 1146 3014 habent
1163 2961 1309 3013 rationem.

215 3035 239 3088 si
260 3036 334 3088 enim
352 3039 418 3089 sunt
437 3034 521 3097 solae,
543 3034 675 3088 dicuntur
695 3037 727 3086 ut
745 3033 869 3102 reliquae
887 3033 1014 3086 uocales:
1041 3034 1076 3085 ab
1098 3031 1173 3100 Apso
1192 3033 1227 3085 ab
1244 3031 1310 3099 Illy·

215 3107 274 3160 rico
293 3106 391 3176 (ababa
400 3104 480 3160 abilli
491 3105 553 3159 (lico
567 3106 608 3174 B).
627 3107 670 3174 sin
687 3105 830 3174 proximas
848 3105 961 3158 litteras
976 3104 1089 3157 uocales
1101 3121 1195 3156 secum
1205 3103 1310 3157 habent

213 3176 523 3246 coniunctas,'proinde
542 3177 749 3230 obseruandum
765 3181 819 3240 est,
849 3193 885 3230 an
902 3175 959 3228 sint
983 3175 1173 3238 semiuocales,
1193 3191 1228 3228 an
1252 3193 1310 3226 mu·

212 3251 271 3304 tae:
303 3267 319 3302 a
343 3248 479 3311 Venusia,
507 3266 523 3300 a
549 3247 682 3300 Ianiculo.
724 3249 810 3300 item
836 3252 870 3300 et
891 3288 897 3300 .
918 3289 923 3300 .
946 3287 951 3300 .
976 3263 1039 3315 pro
1064 3247 1179 3299 Roma.
1217 3247 1310 3315 singu-

213 3321 281 3374 laris
299 3336 431 3374 numerus
450 3335 502 3386 per
519 3337 603 3371 unam
621 3319 635 3370 Ι
653 3319 779 3372 litteram
800 3319 947 3372 scribitur:
968 3317 1068 3371 docilis
1080 3318 1178 3380 facilis,
1190 3316 1309 3386 pluralis

212 3395 308 3446 autem
324 3390 418 3461 perE
441 3389 492 3443 etI
511 3393 542 3442 ut
560 3388 667 3443 facileis
687 3390 812 3454 docileis,
833 3394 865 3442 ut
884 3407 918 3442 ex
934 3389 988 3442 hoc
1008 3393 1143 3458 appareat
1160 3389 1310 3457 singularis

212 3467 309 3516 utrum
327 3461 412 3532 (idem
430 3481 502 3515 corr.
516 3466 545 3515 ia
562 3463 630 3514 item
644 3461 676 3529 Β)
697 3461 734 3514 sit
753 3461 904 3530 appellatio
924 3479 959 3514 an
979 3460 1105 3529 pluralis.
1125 3461 1226 3524 aureis,
1242 3478 1310 3528 quas

213 3534 297 3588 modo
316 3533 440 3587 aetheris
459 3532 616 3594 scribimus,
638 3531 722 3586 modo
741 3531 841 3600 quibus
861 3531 988 3586 audimus
1012 3531 1163 3599 (quomodo
1183 3531 1310 3584 audimus

214 3605 366 3674 quibusll).
385 3621 437 3657 nec
458 3604 504 3672 (ne
517 3605 549 3671 Β)
574 3603 665 3656 minus
684 3621 700 3656 a
717 3604 798 3656 nobis
817 3603 831 3655 I
849 3603 999 3672 singularis
1023 3603 1052 3655 in
1072 3602 1171 3655 fraude
1189 3603 1309 3671 produci

212 3679 316 3744 potest,
329 3679 361 3728 ut
378 3675 452 3729 uitiis
470 3673 542 3741 (uidi
549 3677 579 3742 B)
588 3673 731 3728 scribitur.
751 3673 774 3726 si
785 3678 880 3726 autem
897 3665 966 3727 oum‘
978 3673 1097 3727 eademl
1108 3674 1213 3737 littera,
1234 3673 1310 3726 aliud

297 3881 314 3936 6
338 3881 456 3956 oportet
474 3896 510 3934 ex
525 3876 723 3936 consonantib.
737 3875 888 3935 uocalibus
901 3877 932 3934 B
944 3876 959 3948 ll
974 3878 991 3932 7
1015 3857 1279 3951 significandum'B
1292 3871 1309 3946 ll

214 3967 231 4022 9
254 3982 309 4038 pro
330 3983 365 4020 ex
394 3966 424 4019 et
451 3980 660 4037 nonnunquam
679 3959 709 4020 B
731 3955 745 4038 Η
767 3981 822 4036 pro
852 3981 869 4018 a
895 3964 930 4018 ut
959 3962 989 4018 in
1013 3958 1068 4018 hac
1100 3959 1252 4034 prouincia
1276 3977 1311 4016 ex
1417 4019 1419 4022 ,

212 4047 366 4124 prouincia
386 4047 487 4103 uenire
509 4043 539 4104 B
569 4046 705 4106 lacunam
735 4045 901 4120 sipaificoca'
928 4062 986 4117 pao
1006 4043 1138 4115 coempta
1168 4043 1309 4114 quaedam

212 4133 439 4204 praepositionis
461 4131 496 4188 de
512 4148 572 4202 pro
595 4131 743 4202 apostare
764 4135 791 4190 et
812 4131 918 4188 acrba:
938 4131 1041 4204 peccat
1061 4128 1148 4198 etiam
1171 4119 1221 4202 (cle
1237 4144 1308 4198 pro·

212 4217 312 4274 stacia
330 4217 432 4292 uentre
454 4231 477 4273 θ.
499 4233 527 4288 p.
549 4205 587 4290 s.)
612 4215 752 4330 eactdtspe
775 4214 911 4274 uidentur
925 4213 940 4286 ll
952 4231 1079 4289 perpera
1099 4210 1171 4268 inB
1184 4203 1199 4287 ΙΙ
1216 4212 1309 4268 lO'ut

209 4347 240 4405 in
253 4347 400 4408 circumB
412 4339 428 4426 ΙΙ
445 4351 480 4405 11
495 4347 606 4407 eximus
622 4347 652 4405 in
664 4363 740 4422 naue
755 4342 884 4427 (bmaaa
894 4347 945 4407 alt.
955 4343 1122 4425 suprascr.)
1147 4347 1222 4404 circo
1235 4344 1265 4403 B
1291 4340 1308 4418 ΙΙ
