3152 5142
705 455 742 514 51

178 636 268 696 tuum
290 629 484 698 mutationes
506 630 551 698 ibi
571 631 663 698 nullo
687 633 789 698 uerbo
813 641 1000 718 tanguntur.
1033 655 1129 720 quem
1151 635 1275 699 fontem

178 738 212 804 in
233 739 518 824 grammaticorum
538 740 641 823 libris,
665 741 719 826 qui
741 741 826 806 hanc
846 763 915 807 rem
942 751 996 805 aut
1026 741 1218 808 brevissime
1240 751 1276 806 ut

177 845 314 916 Seruius
339 846 391 927 §5
412 847 592 936 expediunt
620 857 676 914 aut
695 849 827 916 omnino
851 851 1125 937 praetermittunt,
1156 851 1276 915 frustra

179 954 406 1040 quaesiuimus.
451 979 524 1022 cum
551 956 654 1043 igitur
680 957 722 1024 tle
751 958 904 1026 conmuni
931 957 1032 1040 fonte,
1060 979 1077 1022 e
1104 980 1168 1044 quo
1199 956 1276 1024 Ser-

176 1067 249 1132 uius
270 1065 365 1153 plura
384 1088 486 1152 pauca
508 1065 699 1136 Victorinus
722 1077 886 1134 mutuatus
906 1069 958 1153 sit,
980 1066 1116 1154 cogitari
1132 1075 1275 1153 nequeat

178 1176 340 1260 Seruique
363 1177 511 1244 libellum
530 1178 572 1244 ab
595 1187 789 1265 excerptore
812 1178 952 1266 quodam
965 1177 1185 1264 neglegentur
1202 1199 1275 1243 con·-

177 1286 314 1374 pilatum
336 1305 408 1352 csse
428 1295 560 1372 praeter
583 1307 621 1352 ea
646 1308 730 1371 quae
753 1287 890 1375 exposui
919 1287 1058 1352 doceant
1085 1288 1188 1353 uerba
1220 1286 1274 1351 ab·

178 1404 273 1482 rupta
293 1394 491 1482 paragraphi
521 1403 632 1462 sextae
654 1396 828 1481 statimque
856 1395 1002 1462 additum
1028 1396 1151 1462 dictum
1173 1395 1274 1478 Quin·

178 1503 280 1570 tiliani
294 1505 331 1589 ¹),
364 1505 450 1592 quod
480 1503 542 1570 hcc
572 1505 646 1572 loco
675 1526 781 1592 neque
801 1505 952 1592 intellegi
972 1528 1034 1572 nec
1056 1505 1135 1571 ferri
1155 1513 1273 1594 potest,

136 1620 139 1625 '
179 1615 314 1680 alteram
336 1614 529 1700 particulam
543 1612 696 1682 Seruium
716 1613 914 1682 eVictcrino
940 1614 1118 1703 sumpsisse
1141 1615 1277 1680 alteram

178 1744 196 1787 e
218 1722 377 1811 scriptore
397 1745 485 1788 nunc
504 1722 675 1811 deperdito
695 1723 897 1788 transtulisse
918 1745 1046 1789 censeo.
1070 1731 1185 1788 neutra
1196 1743 1275 1787 uero

178 1853 219 1897 ex
240 1831 391 1897 Varrone
412 1831 518 1915 fluxit,
545 1832 571 1898 si
594 1854 632 1898 ea
652 1832 821 1918 sequimur
845 1853 927 1920 quae
952 1833 1050 1898 certis
1074 1830 1276 1919 argumentis

148 1923 150 1932 ¹
177 1942 309 2028 probari
340 1953 485 2030 possunt.
528 1942 580 2008 his
610 1942 712 2028 igitur
733 1941 901 2030 particulis
925 1941 1056 2008 reiectis
1077 1941 1117 2008 ad
1137 1941 1276 2006 alteram

178 2059 306 2137 partem
339 2073 459 2139 magna
493 2051 678 2118 eruditione
701 2053 875 2138 ‘insignem
910 2052 942 2135 (ξ
966 2049 1103 2136 1740)
1133 2060 1276 2136 trmsec,

178 2181 274 2244 quam
299 2170 430 2246 praeter
451 2161 577 2246 aliquot
597 2158 694 2226 Serui
716 2161 937 2226 additamenta
959 2169 1061 2227 totam
1085 2183 1104 2226 e
1124 2161 1275 2228 Varrone

177 2267 325 2362 lpaustam
338 2291 409 2336 esse
422 2269 559 2338 Seruius
571 2270 642 2358 ipse
667 2270 742 2336 satis
765 2270 935 2336 manifeste
954 2269 1109 2352 declarat,
1133 2269 1189 2354 qui
1208 2267 1277 2334 eius

112 2449 114 2452 ,
178 2377 347 2464 egregiam
368 2377 484 2444 harum
505 2399 634 2466 quoque
658 2399 768 2444 rerum
794 2379 942 2465 peritiam
972 2378 1099 2463 magnis
1122 2375 1274 2446 laudons

179 2485 275 2552 effert
297 2509 435 2570 cumque
459 2485 609 2574 plurimis
633 2495 666 2552 et
687 2485 875 2554 clarissimis
892 2487 1077 2552 auctoribus
1090 2498 1184 2554 usum
1203 2503 1274 2551 esse

178 2595 335 2660 adfirmat.
356 2603 529 2679 utrumque
550 2595 590 2660 ad
611 2594 751 2660 mediam
774 2595 906 2682 quidem
931 2595 1116 2684 prosodiam
1140 2600 1275 2681 spectat,

179 2703 237 2770 scd
261 2703 388 2788 reliqua
406 2705 446 2770 ab
471 2703 588 2768 eodem
619 2724 691 2770 esse
713 2712 846 2788 accepta
877 2713 910 2768 et
931 2726 985 2768 res
1008 2703 1169 2770 artissime
1190 2703 1277 2768 inter

178 2836 213 2880 sc
235 2814 431 2880 coniunctae
447 2823 479 2878 et
488 2812 649 2878 Varronis
672 2811 832 2880 sententia
856 2812 1006 2878 deflexa
1030 2811 1184 2900 prosodia
1205 2811 1277 2892 §22

178 2923 304 3009 prolata
326 2922 645 3010 reconditiorumqne
669 2931 839 2988 auctorum
862 2922 1009 2988 doctrina
1022 2923 1062 2988 de
1077 2921 1191 2986 eadem
1203 2943 1277 3007 pro·

180 3032 270 3098 sodis
294 3054 312 3096 e
334 3031 492 3119 scriptore
516 3031 656 3116 quodam
681 3031 867 3096 doctissimo
892 3025 1006 3096 hausta
1037 3040 1070 3096 et
1092 3029 1278 3096 testimonia

179 3141 304 3230 aliquot
335 3163 378 3206 ex
405 3141 476 3206 aliis
507 3141 718 3229 scriptoribus
743 3139 921 3230 repetenda
942 3140 1070 3207 docent.
1113 3138 1276 3228 incipiunt

187 3299 387 3308 m*

281 3391 307 3457 1)
330 3388 409 3446 Serui
424 3389 512 3444 uerba
529 3407 556 3457 p.
569 3387 622 3442 526
642 3388 686 3453 §6
707 3391 771 3442 sunt
789 3387 871 3442 haec:
901 3387 961 3440 ‘Est
982 3391 1075 3442 autem
1095 3385 1184 3452 formo
1202 3383 1279 3438 scuti

179 3492 312 3544 accentus
332 3525 338 3538 .
357 3527 363 3542 .
383 3527 389 3541 .
411 3529 417 3540 .
435 3487 552 3540 uerbum
570 3485 689 3540 hicnon
707 3484 737 3538 id
755 3484 976 3553 intellegendum
995 3483 1040 3538 cui
1058 3482 1170 3552 proprie
1186 3499 1278 3550 gram-

177 3584 275 3640 matici
295 3589 406 3653 tempus
424 3601 487 3637 cum
512 3599 633 3652 persona
650 3582 748 3636 dicunt
768 3581 895 3638 accidere
914 3581 963 3634 sed
983 3579 1176 3648 accipiendum
1194 3595 1276 3646 geue·
1312 3583 1317 3589 ’
1365 3568 1372 3575 ’

178 3681 278 3734 raliter
295 3696 349 3750 pro
368 3678 492 3748 qualibet
509 3681 591 3746 parte
610 3676 744 3732 sermonis
762 3679 794 3730 ut
813 3679 856 3730 est
875 3692 891 3728 a
908 3674 1033 3744 Vergilio
1053 3673 1198 3740 (AenVssl
1212 3671 1275 3740 404)

179 3777 289 3834 dictum
318 3797 349 3830 cc
378 3778 461 3830 uerba
485 3779 590 3832 locutus
617 3780 647 3830 et
670 3774 751 3830 nobis
769 3791 830 3828 mos
860 3778 903 3828 est
928 3773 1022 3828 dicere
1055 3775 1138 3826 unta
1161 3773 1279 3838 aliquem

179 3877 289 3942 sectare,
315 3888 378 3928 cum
405 3883 514 3924 omnem
536 3869 692 3924 oraticnem
715 3870 843 3926 uolumus
868 3867 1013 3938 intellegi’.
1050 3867 1215 3936 quibuscum
1242 3861 1276 3918 cl.

181 3966 275 4035 Quint.
295 3966 360 4022 inst.
383 3964 570 4035 crat.15,2:
597 3967 691 4020 ‘uerba
714 3983 788 4020 nunc
812 3965 983 4040 generaliter
1006 3962 1096 4032 accipi
1119 3961 1192 4026 uolo,
1213 3975 1278 4012 nam

180 4069 284 4139 duplex
306 4085 403 4122 eorum
421 4066 580 4122 intellectus
599 4069 650 4130 est,
671 4064 742 4117 alter
761 4063 808 4131 qui
825 4061 917 4116 omnia
930 4078 980 4130 per
998 4076 1068 4128 quae
1084 4071 1174 4112 sermo
1192 4056 1279 4112 uecti-

179 4170 230 4220 tur
247 4163 395 4235 significat,
414 4169 447 4220 ut
464 4163 539 4232 apud
555 4161 703 4216 Horatium
722 4163 785 4227 (art.
809 4165 881 4230 poet.
898 4158 960 4228 311)
983 4163 1116 4227 uer-taque
1139 4160 1278 4226 prociona

178 4283 239 4318 ram
266 4283 319 4318 naa
338 4267 430 4316 taetra
450 4273 602 4331 sequantur,
625 4259 696 4314 alter
712 4258 743 4312 in
761 4275 815 4328 quo
835 4261 951 4314 cetuna
974 4271 1039 4325 pars
1059 4251 1192 4308 orationis
1221 4255 1279 4322 layo

183 4357 291 4414 scribo'.
