3126 5146
789 467 846 524 118

272 645 314 711 ed
324 644 451 710 Attium
461 643 637 732 Pompeius
659 641 798 709 exeribit
818 663 900 730 quse
922 641 1006 708 nulli
1029 641 1122 728 operi
1140 639 1257 707 melius
1276 660 1372 726 quem

272 754 348 821 huie
371 753 398 820 si
420 752 551 818 titulum
574 762 701 840 spectas
726 751 933 817 conueniant.
975 749 1095 816 deinde
1128 749 1161 814 ni
1183 749 1291 815 omnia
1313 749 1371 815 fal-

272 863 344 928 lunt
366 885 408 928 ex
437 861 500 927 elio
523 861 609 928 libro
638 861 768 927 omnino
794 868 922 947 sumpte
945 881 1016 925 esse
1039 867 1215 946 nequeunt.
1262 880 1371 948 quum-

274 990 371 1060 quam
393 967 481 1033 enim
501 989 519 1032 e
540 965 631 1034 libris
656 967 697 1032 de
724 967 851 1054 origine
872 967 1007 1054 linguae
1029 965 1149 1031 letinae
1172 965 1290 1032 similia
1308 975 1371 1031 tro-

275 1078 406 1163 duntur,
425 1075 512 1143 feliei
530 1097 606 1142 oesu
624 1076 751 1162 accidit,
767 1085 804 1141 nt
816 1077 850 1141 in
867 1076 963 1142 nnioo
978 1077 1162 1162 fragmento
1177 1073 1293 1160 (Prisc.
1305 1075 1372 1141 139

273 1212 305 1277 p.
319 1188 374 1269 30)
404 1207 446 1252 ex
471 1187 535 1252 boe
565 1208 665 1274 opere
697 1196 826 1254 seruato
852 1191 953 1254 Altius
970 1198 1069 1254 noster
1097 1194 1370 1269 commemoretur,

275 1297 362 1388 quod
385 1298 565 1365 seeundum
587 1297 793 1382 antiquorum
813 1301 937 1363 morem
958 1296 1030 1361 fieri
1052 1317 1119 1361 non
1137 1296 1252 1384 potuit,
1279 1295 1305 1360 si
1324 1296 1371 1361 illi

274 1407 350 1473 libri
373 1408 415 1472 ud
440 1407 579 1473 eundem
603 1407 692 1472 missi
715 1416 816 1473 erant·
860 1407 901 1472 de
930 1401 981 1471 his
1005 1405 1108 1492 igitur
1131 1404 1276 1492 cogitare
1304 1428 1370 1470 non

273 1517 361 1601 lieet,
389 1517 524 1602 reliquis
545 1537 626 1583 uero
649 1516 799 1583 omuibus
822 1537 961 1604 qnorum
986 1515 1118 1582 omnino
1140 1514 1226 1580 tituli
1246 1514 1288 1582 ed
1311 1536 1370 1580 nos

274 1635 508 1713 peruenerunt,
529 1647 596 1691 non
611 1625 684 1691 Atti
704 1625 762 1690 sed
782 1625 919 1690 oliorum
941 1625 1072 1690 nomine
1097 1624 1252 1712 inscripta
1272 1623 1372 1690 fuisso

275 1745 411 1801 constat.
448 1735 483 1800 in
502 1734 615 1824 primis
637 1735 692 1801 bie
713 1735 904 1802 incensum
925 1734 1039 1800 uenire
1061 1742 1204 1821 possent,
1226 1732 1253 1800 ei
1275 1755 1371 1819 argu·
1418 1809 1421 1816 ,

274 1854 420 1910 mentum
439 1842 690 1931 respiceremus,
711 1844 787 1910 libri
809 1843 852 1909 de
874 1863 1024 1910 sermone
1048 1843 1148 1909 latino
1171 1851 1204 1907 et
1224 1843 1310 1909 liber
1331 1842 1372 1907 do

208 2017 210 2022 ,
274 1954 499 2039 grammatice,
529 1953 703 2039 inquibus
725 1953 767 2018 de
789 1953 909 2019 litteris
932 1962 1039 2018 sotum
1061 1973 1133 2019 esse
1155 1961 1282 2017 eertum
1303 1961 1373 2034 est3

277 2043 336 2128 sed
354 2063 404 2128 illi
425 2063 466 2128 sd
479 2062 673 2128 Marcellum
692 2061 805 2150 scripti
825 2071 927 2148 erent,
950 2062 1163 2150 grammatice
1180 2083 1282 2128 unum
1303 2071 1374 2127 ton·

275 2182 346 2239 tum
367 2173 488 2238 librum
509 2171 667 2261 expleuit,
688 2194 761 2237 eum
775 2172 953 2260 Pompeius
974 2171 1016 2236 de
1038 2180 1124 2240 libris
1140 2180 1181 2238 ud
1191 2176 1306 2239 Aluum
1328 2172 1375 2236 lo·

278 2291 403 2368 qnstnr.
424 2290 595 2370 praetereo
620 2291 729 2348 entem
751 2305 847 2368 quum
873 2283 1014 2348 maxime
1029 2281 1197 2369 probabile
1220 2289 1269 2346 est
1290 2281 1378 2346 buno

278 2390 441 2476 Altium¹)
464 2392 627 2479 tregieum
647 2391 742 2456 illum
766 2387 969 2457 eluriseinum
992 2391 1103 2476 fuisse,
1127 2413 1225 2477 quem
1243 2389 1278 2460 iu
1297 2389 1376 2457 seri·

277 2500 377 2573 bendi
398 2501 523 2567 rationo
546 2500 750 2566 emundando·
771 2501 988 2567 elaborauisse
1012 2502 1065 2582 (ef.
1085 2497 1378 2581 Mar.vlet.14,4

229 2606 234 2620 ’
277 2632 309 2699 p.
321 2608 404 2676 2456
418 2607 471 2694 P.)
503 2619 536 2675 et
557 2609 730 2696 geminatis
752 2609 921 2675 uoculibus
950 2608 1210 2696 natura'longns
1233 2607 1376 2694 syllabus

278 2717 425 2783 seribere
438 2717 582 2783 uoluisse
592 2718 646 2800 (ef.
659 2717 734 2783 Vel.
744 2716 851 2803 Long.
867 2742 900 2807 p.
913 2717 1006 2782 2220.
1019 2717 1095 2784 Ter.
1108 2715 1223 2786 Soeur.
1240 2739 1273 2804 p.
1283 2715 1376 2783 2255.

278 2826 408 2894 Ritsobl
436 2849 524 2894 mou.
551 2827 657 2914 epigr.
686 2825 747 2892 tria
769 2851 800 2916 p.
815 2826 918 2916 22sq.
950 2827 1047 2916 prise.
1075 2826 1131 2892 let.
1161 2847 1247 2893 mon.
1268 2825 1374 2914 epigr.

279 2957 386 3002 enarr.
410 2958 442 3025 p.
453 2937 509 3021 52)
531 2937 661 3022 seimus,
691 2959 763 3003 eum
791 2936 907 3022 quibus
928 2936 1043 3004 studiis
1066 2944 1296 3026 argumentum
1318 2957 1375 3004 nos

278 3055 419 3114 ebrorum
443 3046 601 3114 librorum
632 3057 696 3112 tem
728 3048 864 3134 egregie
886 3047 1050 3131 conuenit,
1083 3056 1120 3112 ul
1139 3048 1202 3114 hoo
1225 3067 1300 3112 easu
1318 3045 1376 3110 tri·

379 3298 405 3364 1)
424 3297 479 3354 Pro
495 3298 574 3354 Atlio
592 3316 696 3369 ponere
715 3298 865 3354 uoluerunt
875 3301 908 3355 D.
918 3299 1055 3355 Ruhnken
1068 3299 1144 3370 (posi
1152 3296 1277 3355 Mallium
1289 3297 1376 3353 Theo·

277 3394 377 3448 dorum
398 3393 441 3450 ed.
460 3393 619 3466 Heusinger
636 3411 664 3466 p.
678 3395 731 3466 64),
753 3397 891 3467 probante
915 3395 947 3452 L.
968 3395 1113 3454 Kruhnero
1135 3395 1169 3451 de
1188 3395 1267 3451 Verr.
1289 3394 1376 3464 enbiq.

276 3490 340 3546 libr.
358 3509 386 3560 p.
398 3491 442 3556 10,
460 3491 597 3558 Atticum,
624 3493 661 3547 (((1
684 3509 768 3562 quem
794 3485 860 3548 librl
884 3493 920 3552 (le
943 3492 1003 3547 uite
1028 3492 1126 3564 populi
1150 3491 1259 3547 romoni
1276 3490 1325 3560 (ef.
1343 3490 1377 3546 Η.

276 3585 397 3646 mutuor
414 3587 451 3645 de
468 3588 508 3649 M.
527 3588 590 3648 Ter.
605 3589 686 3646 Verr.
706 3589 741 3646 de
759 3589 821 3646 uite
837 3607 864 3660 p.
883 3605 907 3648 r.
924 3589 972 3649 lib.
989 3589 1113 3660 pileo.)
1134 3587 1213 3648 missi
1229 3591 1320 3656 erenl,
1345 3585 1378 3640 F.

279 3683 371 3745 Ouenn
401 3685 482 3752 (nuel.
500 3686 563 3744 erit.
581 3704 609 3756 p.
623 3684 668 3756 67)
687 3686 812 3747 Alteium
832 3686 877 3755 (cf.
897 3686 974 3746 Suet.
992 3686 1027 3744 de
1045 3685 1228 3758 geemm.10l·‚
1247 3701 1317 3757 quoe
1335 3700 1377 3742 re·

277 3780 443 3840 fubeuerunb
460 3781 481 3836 l.
495 3782 526 3839 G.
538 3782 691 3845 Schneider
709 3783 744 3840 de
762 3783 822 3840 nile
838 3786 867 3845 et
885 3783 980 3856 seripl·
999 3783 1079 3842 vm.
1097 3801 1124 3856 p.
1136 3783 1199 3842 239.
1218 3779 1249 3844 0.
1259 3780 1378 3842 Mueller

278 3876 530 3947 5115555264.
557 3878 667 3934 Riesehl
688 3883 794 3950 quaest.
803 3879 883 3934 Varr.
903 3898 931 3952 p.
946 3879 981 3934 25
996 3897 1035 3953 sq.
1064 3877 1099 3933 de
1118 3877 1149 3946 Q.
1168 3877 1241 3932 Axio
1260 3876 1303 3948 (oi.
1322 3892 1377 3931 rer.

278 3971 515 4043 rust.1112eq.)
543 3973 666 4044 cogitare
693 3973 806 4028 uidetur
829 3973 861 4029 Β.
887 3978 937 4029 len
954 3973 1043 4032 Brink
1059 3973 1097 4028 M.
1116 3973 1179 4028 Ter.
1199 3973 1279 4028 Verr.
1299 3973 1378 4036 loeus

279 4067 314 4123 tle
333 4069 402 4122 urbe
412 4064 501 4122 Rome
511 4086 538 4139 p.
547 4067 574 4133 2,
596 4067 725 4138 idemque
737 4069 884 4139 proposuit
896 4067 929 4123 L.
939 4067 1016 4123 Roth
1035 4069 1117 4124 leben
1126 4067 1152 4123 (1.
1163 4065 1252 4124 Varro
1270 4068 1377 4139 p.11n.

279 4163 379 4234 quibus
397 4179 433 4219 ne
450 4164 546 4219 eredas
566 4164 601 4220 ef.
618 4161 825 4220 Laebmennum
844 4165 881 4220 ud
898 4165 979 4222 Imor.
989 4163 1106 4220 Π11727
1118 4184 1147 4236 p.
1161 4163 1215 4220 254
1232 4163 1268 4220 (15
1289 4167 1377 4232 Aello,

279 4259 353 4331 quod
381 4260 486 4331 legitur
518 4262 547 4316 iu
577 4261 694 4331 Pompei
726 4261 822 4317 oodiee
855 4261 1091 4332 Guelferbyleno,
1119 4266 1150 4318 el
1176 4266 1252 4318 Atrio
1281 4259 1376 4331 dispu-

173 4420 176 4426 ,
278 4360 394 4418 tarem.
