3152 5142
824 467 862 524 58

293 640 423 707 nomina
459 641 664 726 singulorum
699 621 908 724 accentuum,
947 649 1157 728 quotcunque
1189 642 1392 727 grammatici

293 750 349 814 uel
386 751 534 816 rhetores
574 750 851 838 excogitauerint,
887 749 1016 836 facilem
1052 750 1303 836 explicationem
1340 752 1390 816 ha·

293 860 381 925 bere.
403 861 437 924 in
458 858 571 948 primis
592 859 634 923 de
659 855 771 924 acutae
793 867 907 924 natura
930 859 1067 944 egregie
1094 858 1272 948 disputarit
1296 883 1392 948 quam

292 968 388 1053 graui
411 968 597 1035 breuiorem
619 987 690 1032 esse
713 967 807 1050 dixit,
840 975 878 1032 ut
904 968 938 1032 in
966 968 1098 1053 organis
1129 969 1261 1034 musicis
1294 980 1327 1034 et
1350 970 1392 1036 oi·

292 1078 404 1142 tharae
428 1075 551 1144 chorda
566 1073 703 1141 'tenuior
725 1077 905 1142 acutiorem
928 1097 1045 1144 sonum
1068 1077 1197 1162 habeat,
1231 1087 1264 1144 et
1291 1079 1389 1144 tibiae

293 1209 356 1272 quo
378 1187 584 1274 angustiores
607 1209 644 1251 eo
666 1187 826 1252 acutiores
858 1186 949 1251 ‘adeo
980 1197 1017 1251 ut
1038 1187 1205 1252 corniculo
1236 1189 1292 1252 uel
1313 1189 1392 1267 βομ-

292 1300 428 1384 avarae
446 1303 557 1369 addito
579 1302 712 1390 grauior
733 1325 832 1369 sonus
853 1300 1021 1386 reddatur,
1048 1301 1136 1386 quod
1158 1303 1299 1368 crassior
1321 1303 1390 1368 exit

291 1412 327 1476 in
348 1413 444 1479 aera’.
484 1413 607 1501 pariter
635 1412 669 1476 in
690 1413 785 1502 pulsu
809 1411 1006 1477 chordarum
1028 1411 1120 1477 citius
1143 1423 1268 1477 acutam
1290 1420 1390 1477 hans-

292 1519 416 1605 uolaro,
447 1532 479 1586 et
510 1521 645 1586 chordas
678 1543 813 1608 quarum
840 1541 937 1584 sonus
960 1515 1092 1604 grauior
1115 1519 1283 1606 longiores
1308 1541 1388 1604 esse,

293 1630 379 1718 quod
400 1630 504 1697 laxius
525 1630 709 1697 tendantur.
732 1630 859 1696 fistulae
882 1651 1012 1716 quoque
1029 1628 1168 1694 calamos
1180 1628 1391 1695 breuissimos

292 1738 495 1806 acutissimos
519 1761 590 1806 esse
605 1749 644 1816 ‚et
665 1740 762 1805 tibias
784 1761 848 1824 quo
871 1739 1031 1806 acutiores
1052 1761 1092 1812 eo
1113 1738 1326 1822 breuiores2),
1349 1741 1392 1804 ‘et

292 1848 341 1914 his
367 1847 417 1931 (ut
427 1847 525 1916 Serui
536 1847 645 1912 uerbis
662 1853 747 1932 utar)
772 1847 930 1914 foramina
952 1870 1047 1932 quam
1068 1859 1143 1914 sunt
1167 1847 1217 1912 ori
1240 1847 1390 1934 proxima

294 1965 327 2022 et
349 1957 508 2044 breuioris
532 1956 615 2024 aeris
628 1968 752 2023 motum
767 1959 1018 2044 persentiscunt,
1040 1968 1107 2022 tam
1118 1979 1234 2024 uocem
1247 1956 1392 2023 reddunt

294 2075 436 2150 acutamq
468 2068 515 2132 sie
544 2066 578 2131 in
601 2067 801 2154 loquentium
827 2067 1074 2152 legentiumque
1096 2088 1191 2149 uoce,
1226 2067 1281 2132 ubi
1315 2075 1390 2131 sunt

291 2175 464 2264 prosodiae
487 2176 577 2240 uelut
597 2176 756 2260 quaedam
777 2176 936 2259 istamina,
962 2186 1054 2241 acuta
1076 2175 1204 2241 tenuior
1226 2184 1276 2240 est
1293 2197 1390 2263 qnam

294 2283 406 2370 grauis
442 2296 474 2350 et
504 2285 616 2351 breuis
649 2285 740 2368 adeo,
771 2295 806 2350 ut
834 2308 900 2350 non
930 2287 1062 2372 longius
1088 2309 1182 2373 quam
1211 2307 1270 2372 per
1293 2306 1391 2350 unam

290 2395 460 2482 syllabam,
485 2395 681 2484 quinimmo
703 2418 883 2484 perunum
905 2406 1034 2484 tempus
1058 2393 1289 2485 protrahatur’.
1312 2416 1387 2483 per·

291 2535 484 2546 unu-ffl-

391 2641 418 2710 1)
439 2641 483 2696 Ita
508 2641 608 2710 scripsi
630 2659 680 2710 pro
708 2640 813 2696 codicis
840 2643 975 2696 tamtorio
1004 2640 1079 2709 quod
1104 2640 1333 2699 Vindobonansoe
1359 2641 1390 2696 in

290 2741 423 2794 locatorio
442 2755 459 2791 a
477 2734 584 2810 βόμβος
601 2738 716 2793 ductum
734 2742 843 2792 mutare
861 2738 1018 2792 uoluerunt.
1036 2732 1264 2809 fldpssuffpraeter
1277 2738 1389 2807 phalae·

290 2833 449 2890 mamillam
467 2835 640 2890 notissimam
659 2834 808 2890 secundnm
825 2833 967 2890 Pollucem
976 2834 1029 2888 1111
1040 2834 1084 2888 82.
1103 2835 1221 2904 Hesych.
1239 2853 1264 2888 u.
1283 2829 1391 2908 βόμβυξ

290 2949 378 3004 genus
398 2933 538 3002 quoddam
557 2932 697 3000 tibiarum,
717 2936 790 2986 teste
808 2933 922 2986 Polluce
932 2931 985 2986 1111
995 2930 1038 2987 70.
1059 2931 1320 3001 Pseudo-Arcadp.
1338 2931 1391 2986 213

291 3028 383 3085 Sehm.
421 3029 455 3084 ol.
475 3029 547 3083 Plut.
568 3033 672 3098 quaest.
693 3045 778 3096 symp.
791 3028 842 3082 VII
861 3046 887 3097 p.
899 3027 987 3082 317A
1011 3043 1076 3096 pars
1102 3027 1237 3095 quaedam
1255 3027 1389 3082 tibiarum

290 3128 342 3192 est,
360 3142 446 3194 quare
457 3125 662 3188 diminutiuum,
682 3141 848 3193 quamquam
865 3124 895 3180 in
913 3124 965 3178 hae
984 3122 1188 3192 significatione
1205 3123 1336 3191 (bestiola
1349 3128 1392 3178 est

290 3219 437 3276 Aristoteli
454 3221 519 3275 hist.
538 3220 618 3274 anim.
638 3220 663 3274 V
680 3222 723 3275 19.
738 3221 774 3274 24
791 3221 837 3282 al.)
862 3238 919 3273 non
938 3219 1061 3274 occurrit
1079 3219 1155 3288 quod
1172 3219 1267 3288 seiam,
1291 3220 1391 3276 eodem

288 3316 371 3371 modo
391 3335 424 3372 ae
442 3311 548 3390 βόμβυξ
563 3336 614 3387 pro
630 3317 763 3372 tibiarum
772 3323 852 3387 parte
862 3319 980 3387 quadem
991 3322 1155 3387 usurpatam
1167 3316 1305 3383 existimo,
1318 3334 1389 3385 quse

286 3430 352 3484 pars
370 3419 402 3470 ut
421 3413 556 3469 Arcadius
574 3415 592 3468 l.
614 3433 635 3469 s.
654 3403 683 3469 at
699 3416 777 3470 locus
795 3419 892 3470 noster
910 3414 1034 3470 indicare
1054 3414 1187 3470 uidentur
1206 3413 1305 3468 eadem
1323 3417 1385 3473 erat

288 3519 370 3580 quam
396 3510 489 3581 graeci
507 3511 669 3580 plerumque
690 3515 783 3582 κέρας,
802 3512 883 3565 latini
902 3529 989 3565 cornu
1005 3512 1051 3565 uel
1071 3510 1244 3566 corniculum
1261 3510 1385 3566 uomina·

287 3608 365 3662 bant.
387 3608 421 3663 ef.
440 3607 521 3664 Ouid.
541 3613 651 3662 metam.
672 3608 710 3662 XI
724 3608 766 3662 16.
794 3609 859 3663 Hor.
880 3607 1105 3674 carm.118,14.
1143 3607 1171 3662 Ο.
1198 3606 1230 3661 F.
1252 3606 1386 3662 Heinrich

287 3704 323 3758 ad
341 3704 435 3758 quen.
447 3704 486 3759 VI
503 3704 564 3758 ³14.
601 3705 761 3759 Aristotelis
779 3704 932 3774 metaphys.
950 3711 980 3758 N
994 3704 1010 3758 6
1029 3723 1056 3774 p.
1071 3703 1154 3759 1093b
1174 3703 1191 3757 3
1212 3703 1387 3758 scholiastam

287 3821 313 3871 p.
327 3801 392 3856 832*ι
404 3801 439 3856 45
456 3805 534 3856 recte
552 3801 717 3870 explicuisse
737 3802 786 3856 uix
803 3801 895 3856 oredo.

386 3898 413 3966 2)
433 3899 467 3953 cf.
487 3897 709 3968 Theophrastum
726 3899 757 3952 in
774 3898 923 3968 Porphyrii
946 3915 1036 3953 eoum.
1056 3897 1086 3952 in
1105 3897 1260 3952 Ptolomaei
1279 3897 1388 3952 harmo-

287 3995 351 4051 nica
367 4013 410 4065 ap.
428 3976 650 4050 lohwallisium
670 4011 714 4065 op.
736 3995 820 4049 math.
841 3979 881 4049 Ill
897 4013 923 4064 p.
932 3994 986 4048 243
1003 3993 1030 4050 Ὀ
1047 3991 1101 4066 γὰρ
1119 3989 1288 4067 μακρότερος
1298 3989 1388 4054 -uirldr

288 4084 441 4162 βαρύτερος,
461 4094 491 4146 ἐν
508 4075 530 4161 ᾧ
543 4094 639 4146 πλεῖον
655 4089 686 4146 τὸ
706 4093 816 4159 πνεῦμα
837 4095 899 4161 περὶ
914 4087 929 4144 ὃ
945 4089 1029 4156 πᾶνὴ
1044 4097 1154 4158 κίνησις.
1172 4092 1261 4145 multa
1274 4091 1385 4146 omnino

287 4189 342 4242 huc
361 4189 492 4244 facientia
510 4189 594 4244 habas
614 4189 648 4244 in
664 4189 816 4244 Ptolemaei
834 4189 920 4243 herm
939 4189 952 4242 Ι
969 4188 1026 4242 2.3
1045 4189 1072 4256 (l.
1091 4190 1109 4241 l.
1129 4207 1155 4257 p.
1177 4188 1257 4256 laq.)
1276 4193 1306 4242 et
1324 4189 1390 4242 Por·

287 4285 380 4354 phyrii
397 4287 588 4340 conmentario
605 4287 634 4339 in
653 4287 718 4339 libri
735 4286 819 4355 primi
837 4286 931 4355 capita
949 4286 1044 4355 priora
1062 4286 1101 4338 ΙΙΙ
1119 4304 1144 4354 p.
1163 4285 1214 4339 191
1228 4302 1269 4352 sq.
1290 4315 1325 4324 —-
1355 4285 1389 4338 cl.

292 4378 416 4464 Maerob.
436 4379 466 4435 in
486 4396 573 4438 somn·
589 4377 666 4451 scip·
688 4378 757 4447 114,
776 4379 801 4435 5.
