3140 5148
705 471 763 534 aul

190 645 290 712 latina
318 646 432 733 lingua
456 656 546 714 uates
576 648 705 733 dicitur,
742 649 829 738 quod
859 649 961 714 uerba
986 649 1207 715 modulatione
1236 671 1289 715 co·

190 763 308 845 nectat.
351 756 443 822 uiere
466 757 553 823 enim
575 767 747 826 conectere
761 767 821 838 est,
836 758 924 824 unde
946 758 1057 824 uimcn
1080 751 1202 823 dictum
1222 757 1287 823 uir·

192 863 278 950 gulti
300 866 426 952 species
447 875 480 931 et
502 866 582 931 uieti
603 866 745 934 invrotis.
787 867 915 954 poetice
938 876 988 932 est
1016 889 1067 932 ars
1090 866 1169 954 ipsa.
1212 887 1287 930 nam

190 973 299 1061 poesis
331 982 364 1039 et
386 997 503 1063 poema
527 975 648 1042 distant
669 998 707 1042 eo
734 976 822 1062 quod
842 999 959 1064 poema
977 999 1042 1042 uuo
1065 974 1288 1040 tantummodo

160 1086 177 1143 δ
191 1082 352 1148 clauditur
375 1083 517 1149 carmine
536 1093 572 1149 ut
582 1086 752 1172 tragoedia
766 1084 834 1172 [uel
845 1083 1043 1174 rhapsodia],
1056 1084 1165 1171 poesis
1180 1091 1287 1149 autem

189 1191 402 1280 expluribus
425 1201 476 1258 est
498 1215 615 1282 corpus
639 1194 747 1282 operis
768 1193 910 1260 confecti
930 1203 967 1259 ut
986 1194 1065 1260 Ilias
1086 1191 1235 1259 Homeri.

157 1393 188 1455 71
277 1373 466 1440 Mansuram
490 1398 562 1442 esse
585 1377 619 1442 in
642 1377 762 1442 fabulis
786 1374 862 1464 [hoc
884 1386 934 1441 est
947 1372 1073 1464 μέτρον]
1087 1374 1234 1442 Terentii
1256 1384 1289 1440 et

192 1479 298 1548 Plauti
320 1493 353 1549 et
372 1494 557 1552 ceterorum
580 1486 778 1551 comicorum
802 1494 835 1551 et
863 1487 1064 1574 tragicorum
1093 1484 1205 1550 dicunt
1232 1484 1286 1550 hi:

192 1589 308 1658 Cicero
333 1589 475 1666 Scaurus
496 1595 682 1661 Firmianus
704 1594 810 1669 Varro
831 1593 1028 1661 Victorinus.
1089 1615 1099 1633 ’

154 1785 191 1847 72
275 1776 438 1874 Trimcter
470 1777 590 1845 herous
624 1799 670 1858 ex,
705 1777 875 1864 superiore
903 1802 921 1839 a
944 1801 963 1838 a
986 1802 1005 1840 a
1036 1777 1174 1844 iambico
1206 1777 1288 1844 dixi·

190 1958 334 2012 Homeri
352 1963 381 2012 et
399 1959 631 2032 AeneisVergilii.
668 1961 758 2016 Diem.
775 1981 802 2032 p.
812 1961 873 2016 473.
885 1959 932 2015 16:
950 1961 1062 2030 poetica
1081 1965 1124 2014 est
1140 1958 1222 2016 lictae
1240 1977 1287 2014 ue·

191 2043 274 2084 raeue
301 2031 470 2086 narrationis
494 2033 659 2102 congruenti
682 2033 810 2102 rhythmo
838 2049 871 2087 ao
897 2032 969 2102 pede
996 2032 1142 2102 conposita
1171 2032 1288 2086 metrica

191 2104 333 2154 mruetura
353 2102 388 2155 ad
406 2103 557 2158 utilitatem
582 2105 808 2174 uoluptatemque
833 2103 1049 2159 accommodata.
1085 2103 1171 2158 distat
1194 2107 1288 2157 eutem

191 2171 302 2242 poetica
320 2189 336 2225 a
353 2178 482 2243 poemate
504 2180 534 2228 et
553 2176 640 2246 poesi,
651 2176 724 2243 qnod
742 2177 854 2247 poetica
866 2191 911 2229 ars
923 2175 984 2244 ipsa
992 2174 1175 2244 intellegitur,
1187 2191 1286 2244 poema

193 2246 286 2324 autem
303 2261 368 2312 pars
387 2245 530 2328 'operiant
547 2246 702 2329 tragoedia,
728 2248 822 2330 poesis
840 2249 996 2328 'contextus
1023 2249 1052 2299 et
1079 2261 1179 2314 corpus
1197 2245 1286 2299 totius

191 2313 914 2456 iiiihiiieiipiiriiiiv‘ii-yiimnieiiiisiiiiii
929 2315 1251 2454 iiiiiaisfli27’1=ni1'111i¹›ii⁰,s
1257 2332 1288 2440 ui

193 2458 235 2508 est
254 2454 408 2528 flectendis,
432 2458 486 2512 hoc
505 2463 548 2512 est
566 2459 751 2526 modulandis,
778 2464 807 2514 et
830 2458 948 2528 proinde
966 2462 1066 2528 poetae
1092 2458 1178 2511 latine
1206 2460 1287 2512 uates

193 2525 259 2580 olim
278 2531 307 2580 et
324 2529 429 2597 scripta
447 2545 543 2583 eorum
560 2529 694 2585 uaticinia
713 2531 885 2597 dicebantur,
906 2529 981 2598 quod
998 2529 1028 2581 ui
1039 2528 1156 2597 quadam
1168 2531 1197 2582 et
1208 2528 1287 2597 quasi

193 2597 306 2652 uesania
321 2598 352 2652 in
369 2599 516 2654 scribendo
535 2607 784 2670 commonerentur,
801 2602 847 2655 uel
866 2601 940 2670 quod
957 2599 1046 2654 modis
1067 2601 1155 2653 uerba
1171 2616 1287 2654 eonnec-

193 2671 328 2735 terentur,
354 2670 432 2724 uiere
453 2672 573 2740 antiquis
590 2689 642 2743 pro
661 2671 766 2728 uincire
784 2672 960 2742 ponentibus,
981 2671 1067 2725 etiam
1088 2687 1140 2740 per
1156 2670 1286 2725 furorem.

192 2738 270 2794 Seru.
291 2739 326 2792 ad
343 2740 427 2811 Verg.
447 2741 516 2796 Aen.
535 2742 576 2796 ΙΙΙ
594 2742 660 2797 443:
688 2743 744 2797 duo
763 2761 866 2813 genera
884 2742 1055 2797 uaticinandi
1073 2745 1138 2795 sunt
1152 2746 1205 2795 aut
1222 2741 1286 2795 aim·

192 2811 258 2880 plex
275 2813 308 2864 ut
325 2810 433 2880 Heleni,
451 2817 499 2867 aut
516 2831 568 2883 per
585 2815 708 2868 furorem
728 2819 761 2868 ut
779 2815 908 2883 Sibyllae,
927 2814 1088 2896 quianuetes
1105 2829 1121 2866 a
1139 2812 1168 2866 ui
1186 2812 1287 2883 mentis

191 2882 589 3024 tttiltttltttttt
607 2883 1289 3025 tt·..tt.t.ttt...¹{⁰tt³.:bttltt,lt-lt

193 3039 262 3092 quae
280 3024 376 3093 paucis
393 3025 487 3079 uerbis
498 3030 545 3094 (aa
562 3027 720 3094 uersibusl)
731 3027 887 3097 expeditur.
908 3027 1031 3080 Lucilius
1050 3025 1199 3080 satirarum
1215 3025 1288 3078 libro

190 3094 297 3148 Vllll..
308 3095 630 3151 .VerroParmenone:
647 3115 746 3166 poema
765 3103 808 3152 est
822 3098 892 3151 lexis
914 3097 1101 3164 enrhythmos,
1109 3096 1141 3149 id
1150 3100 1193 3149 eat
1202 3097 1289 3150 uerba

190 3165 270 3234 plura
282 3165 391 3220 modice
408 3167 438 3220 in
456 3168 605 3236 quamdam
623 3169 749 3224 coniecta
767 3169 894 3222 formam.
928 3169 1022 3236 itaque
1042 3167 1128 3221 etiam
1148 3167 1288 3222 distichon

191 3236 423 3318 epigrammatica
442 3244 546 3293 uocant
563 3256 669 3309 poema.
710 3240 803 3310 poesis
834 3243 876 3293 est
902 3244 1071 3308 perpetuum
1095 3255 1126 3292 ar
1165 3243 1288 3320 mentum

192 3324 225 3361 ex
242 3307 387 3376 rhythmis.
425 3315 458 3378 cs.
479 3309 919 3381 Varr.del.l.V1136p.323.
955 3309 1067 3364 Sueten.
1086 3310 1120 3363 ir.
1165 3309 1246 3364 Rerff.

290 3403 334 3458 71.
358 3403 485 3459 *Rufinus
504 3422 602 3459 comm.
623 3407 653 3460 in
664 3409 746 3460 metr.
756 3406 867 3460 Terent.
878 3423 905 3475 p.
915 3405 1006 3460 387G.
1017 3423 1043 3475 p.
1054 3404 1123 3459 auls
1134 3405 1180 3458 P.:
1200 3405 1289 3458 Men·

190 3491 305 3528 suram
325 3491 402 3528 esse
421 3516 427 3529 .
447 3516 476 3529 ..
497 3477 706 3532 Victorinus
726 3477 837 3531 Caesius
850 3477 950 3530 Bassus
961 3476 1143 3530 Terentianus
1156 3475 1289 3530 Caecilius

191 3545 300 3599 Vindex
320 3545 406 3600 Cinna
424 3547 541 3601 Sisenna
558 3548 707 3602 Diomedes
725 3547 842 3600 Albinus
862 3547 1047 3614 Quintilianus
1066 3545 1210 3615 Sosipater
1219 3545 1288 3600 Cha-

192 3614 275 3669 risius
291 3615 422 3672 Helenius
442 3617 533 3688 Asper
552 3619 640 3688 Caper
656 3617 808 3672 Arruntius
826 3619 934 3672 Probus
951 3617 1055 3671 Plinius
1073 3616 1210 3671 Euantius
1236 3619 1288 3679 (stc

195 3687 251 3754 SC)
271 3685 406 3741 Sacerdos
434 3689 481 3757 qui
503 3693 532 3743 et
554 3689 680 3744 Donatus
700 3689 776 3743 luha.
811 3689 888 3744 Seru.
909 3687 944 3742 de
962 3691 1068 3743 acoent.
1086 3705 1113 3758 p.
1126 3687 1179 3742 535
1191 3687 1287 3742 Findi:

190 3756 336 3812 Terentius
358 3758 494 3828 rhythmis
513 3761 612 3814 scribit
628 3759 786 3814 comoedias
805 3759 851 3813 nel
868 3759 990 3813 Plautus.

289 3851 332 3906 72.
368 3853 583 3924 Diom.p.515,
602 3856 649 3910 14:
675 3855 854 3910 Trimcter
879 3855 1009 3910 herous
1037 3894 1095 3910 ...
1121 3854 1288 3924 recipere

189 3924 387 3979 consueuit.
439 3935 443 3943 ’

291 4081 305 4135 1
330 4078 424 4154 quod]
447 4081 498 4158 qui
508 4080 564 4150 ΡΗ
579 4083 595 4139 3
618 4083 676 4140 uiti
698 4079 728 4140 P
748 4073 763 4160 ΙΙ
788 4085 807 4139 4
829 4102 888 4140 uno
909 4083 978 4140 add.
1000 4081 1034 4141 O.
1055 4081 1134 4140 Iuba
1148 4071 1164 4156 ΙΙ
1185 4082 1203 4138 6
1227 4079 1286 4148 est]

188 4161 220 4218 id
242 4163 384 4233 estPll‘l
406 4165 552 4224 codicibus
575 4165 687 4238 quoad
707 4168 776 4225 ctB
788 4169 906 4242 stpnaua‘
926 4165 978 4236 (of.
1001 4166 1100 4224 adnot.
1121 4164 1161 4222 ad
1173 4164 1214 4234 fr.
1232 4161 1286 4232 67)

190 4247 300 4306 accedit
322 4247 375 4306 too
396 4247 457 4306 loco
479 4249 543 4308 cort.
561 4249 718 4310 Vossianus
732 4254 782 4320 33,
795 4255 814 4308 4
827 4267 873 4300 :2
888 4243 939 4324 Cli
954 4251 972 4305 8
993 4252 1023 4306 et
1044 4251 1207 4306 ceterorum
1221 4247 1251 4304 B
1265 4241 1283 4318 ll

193 4327 230 4385 10
251 4327 384 4390 Dimeter
397 4329 496 4394 ΑΒΜ
508 4335 522 4403 ll
537 4331 672 4392 heroicus
683 4352 719 4390 ex
732 4335 882 4412 superiore
893 4331 1016 4394 iambico
1038 4332 1073 4394 fit
1093 4331 1288 4394 usitamus
