3126 5146
704 483 744 540 97

172 654 208 721 in
231 654 347 743 quibus
369 652 452 719 illud
474 653 565 739 quasi
588 653 767 720 confinium
788 655 925 721 duarum
948 656 1192 746 disciplinarum
1216 681 1273 725 ex·

171 762 326 851 plicuisse
358 771 661 851 congruentemque
692 763 741 828 rei
766 763 896 830 titulum
928 765 1131 855 inscripsisse
1162 768 1273 834 existi·

174 872 313 939 manduc
335 882 395 940 est.
677 952 679 956 ι

270 983 392 1065 Restat,
411 990 448 1046 ut
470 1004 534 1069 quo
556 991 704 1072 tempore
727 983 833 1050 Varro
858 981 1034 1050 hoslibros
1054 987 1265 1074 conposuisse

171 1090 321 1158 uideatur
342 1089 453 1180 paucis
475 1091 666 1178 significem.
688 1094 828 1182 epistola
850 1094 908 1159 illa
932 1092 1103 1190 Ciceronis
1126 1095 1209 1181 (XII
1225 1097 1269 1181 6),

172 1223 234 1288 qua
248 1200 397 1267 Atticum
417 1209 513 1286 rogat
535 1210 572 1266 ut
583 1201 804 1294 Tyrannionis
826 1204 946 1274 librum
969 1204 1066 1270 modo
1084 1205 1269 1271 absolutum

171 1311 232 1377 sibi
254 1311 370 1395 mittat,
394 1310 435 1375 ad
456 1333 577 1376 annum
598 1334 630 1377 u.
643 1309 824 1380 DOOVIII
843 1317 995 1380 refertur.
1018 1315 1081 1379 hoc
1095 1313 1167 1403 ipso
1189 1323 1269 1380 tem-

169 1442 249 1510 pore
273 1441 353 1486 uero
375 1418 501 1485 eumin
524 1421 770 1488 conscribendis
791 1423 885 1489 libris
909 1423 950 1489 de
972 1424 1087 1510 lingua
1101 1423 1202 1490 latins
1217 1446 1268 1490 oc-

170 1538 323 1616 cupatum
336 1529 450 1596 'fuisse
479 1551 601 1614 eosque
632 1530 691 1596 uix
721 1541 796 1596 ante
825 1553 947 1598 annum
967 1532 1096 1602 DOOX
1118 1534 1267 1598 transmi-

170 1638 251 1706 sisse
271 1637 413 1704 uidimus
448 1637 503 1722 (cf.
525 1661 623 1726 supra
639 1661 677 1726 .p.
695 1640 762 1726 38).
800 1650 873 1729 post
905 1641 993 1706 hunc
1018 1641 1120 1726 igitur
1147 1665 1268 1708 annum

168 1747 270 1814 libros
285 1746 320 1812 in
335 1747 450 1832 quibus
461 1747 681 1833 Tyrannionis
692 1749 848 1816 uolumen
859 1749 1075 1816 adhibebatur
1095 1771 1167 1816 esse
1189 1751 1267 1816 scri·

169 1865 243 1946 ptos
256 1865 392 1924 necesse
408 1865 467 1939 est,
488 1879 564 1924 nam
578 1858 695 1922 eodem
710 1868 859 1944 tempore
873 1858 938 1924 duo
955 1859 1154 1945 amplissima
1166 1881 1266 1946 opero

168 1964 389 2034 intermunus
414 1987 488 2032 eum
509 1965 661 2033 habuisse
685 1989 752 2032 non
785 1976 833 2032 est
863 1990 922 2032 cnr
942 1976 1130 2034 statuamus.
1164 1992 1267 2055 angu-

169 2073 323 2142 stioribus
344 2074 465 2144 finibus
488 2075 645 2162 temporis
665 2076 805 2161 spatium
835 2098 898 2160 quo
931 2076 1010 2144 editi
1041 2077 1107 2142 sint
1128 2077 1266 2145 circum·

170 2182 313 2251 scribere
335 2191 413 2248 ante
435 2205 502 2248 non
524 2183 628 2251 a'udeo
650 2204 746 2268 quam
769 2184 886 2268 quibus
908 2184 1001 2250 annis
1018 2185 1170 2272 qnodque
1185 2209 1266 2274 opus

166 2292 210 2358 sit
233 2290 443 2358 tribuendum
465 2301 613 2359 accurate
633 2292 814 2380 quaesitum
832 2302 896 2358 est.
930 2293 1017 2380 qnod
1044 2316 1131 2360 nuno
1153 2317 1265 2381 quam·

167 2424 263 2489 quam
286 2400 387 2464 multa
410 2409 498 2465 certa
517 2410 593 2465 sunt
611 2400 672 2464 alia
694 2400 909 2487 probabiliter
924 2400 1028 2466 conici
1042 2411 1178 2490 possunt
1194 2403 1265 2468 lon·

165 2533 246 2596 gum
269 2531 376 2594 neque
398 2509 494 2578 huius
514 2509 579 2574 loci
603 2519 661 2575 est.
683 2529 755 2576 oum
775 2531 854 2588 uero
879 2509 1097 2594 Tyrannionis
1113 2511 1264 2595 aequalis

165 2618 332 2706 scriptoris
362 2618 482 2684 librum
501 2619 689 2698 'Varronem
718 2620 901 2686 excussisse
933 2629 1060 2685 constet
1091 2620 1264 2688 Heliodori

167 2739 316 2815 quoque,‘
331 2726 423 2794 cuius
445 2728 603 2797 Horatius
623 2751 709 2794 anno
731 2753 763 2794 u.
776 2727 974 2808 DCOXVH
995 2729 1192 2796 mentionem
1217 2730 1232 2793 f
1251 2766 1263 2777 -

165 2837 224 2921 cit,'
247 2836 469 2907 encheiridion
499 2837 656 2905 in³usum
688 2857 783 2912 suum
805 2847 998 2904 conuertere
1022 2838 1139 2924 potnit,
1176 2835 1265 2922 quod

165 2957 341 3016 numante
365 2947 420 3012 uel
442 2946 623 3034 posthunc
644 2948 858 3032 annum'ille,
889 2947 917 3012 si
949 2947 1082 3032 quidem
1112 2946 1264 3013 metricus

165 3067 224 3130 est,
239 3057 414 3145 'scripserit
436 3055 511 3122 sciri
531 3056 654 3141 nequit.
686 3057 864 3124 Marcellus
886 3066 995 3122 autem
1015 3056 1056 3121 ad
1072 3077 1169 3142 quem
1183 3055 1264 3123 haee

164 3166 330 3234 uolumina
353 3165 442 3232 misit
463 3166 535 3254 quis
556 3164 654 3234 fuerit
672 3165 798 3232 nescio.
819 3164 861 3230 de
883 3164 927 3230 M.
950 3164 1089 3232 Claudio
1104 3163 1263 3230 Marcello

162 3277 300 3344 ¹consule
323 3275 398 3344 anni
420 3274 578 3358 DOOHlj
608 3275 885 3362 Pompeianarum
913 3274 1055 3363 partium
1083 3297 1156 3340 cum
1180 3273 1263 3338 Var-

165 3395 247 3452 rbne
269 3385 368 3469 socio,
390 3384 581 3472 cogitarem,
602 3405 699 3468 quem
722 3384 1011 3452 exercitationibus
1029 3382 1178 3450 oratoriis
1200 3391 1264 3447 stu-

164 3493 530 3581 duissebonarumque
561 3490 679 3562 artium
713 3491 958 3580 cupidissimum
987 3491 1087 3557 fuisse
1112 3488 1264 3556 audimus

163 3603 224 3689 (ef.
249 3602 325 3672 oio..
340 3601 430 3671 Brut.
443 3603 493 3684 71,
507 3601 630 3687 249sq.
654 3600 793 3680 ¹Seneca
812 3621 902 3668 cons.
924 3599 966 3666 ad
985 3598 1085 3666 Helu.
1098 3599 1129 3682 9,
1143 3597 1173 3662 4.
1207 3596 1264 3662 W.

163 3712 336 3784 Drumann
358 3691 586 3798 gerahmtoma
607 3708 643 3776 Π
665 3734 698 3798 p.
713 3709 861 3798 393sq.),
883 3707 947 3776 nisi
971 3717 1157 3794 temporum
1178 3707 1263 3772 ratio

165 3824 320 3891 obstaret.
338 3821 531 3892 interfectus
550 3830 601 3888 est
622 3819 709 3896 enim
730 3837 818 3886 anno
839 3843 873 3885 u.
891 3815 1101 3886 DOOVHIL
1124 3816 1264 3900 reliquo·

163 3953 236 4002 rum
251 3931 481 4000 Marcellorum
505 3948 678 4017 quemnam
700 3929 759 3994 tali
771 3929 905 3996 honore
927 3927 1065 4014 dignum
1081 3924 1126 3994 M.
1141 3925 1264 3991 Teren·

161 4041 228 4106 tius
250 4039 444 4110 indicauerit
466 4054 601 4128 prorsus
619 4040 783 4117 incertum
805 4048 865 4105 est.
