3140 5148
700 481 758 542 mo
869 452 870 456 ‘

180 655 292 722 nullus
314 663 364 720 est
381 654 525 740 grauior.
569 655 656 721 flexa
679 664 788 721 autem
801 654 965 743 prosodia,
978 655 1066 744 quod
1085 655 1210 744 duplex
1227 667 1277 724 est

183 772 215 830 et
235 787 278 831 ex
297 773 392 830 aeuta
412 764 571 850 grauique
592 765 680 845 ficta,
712 774 822 830 notam
844 766 943 831 habet
963 765 1087 830 nomini
1109 766 1277 852 potestati-

182 893 245 958 que
268 871 532 959 respondentem.
576 895 649 937 nam
673 896 692 937 a
720 872 850 939 sinistro
884 895 983 939 cornu
1013 895 1152 959 surgens
1175 874 1276 940 arduo

179 981 311 1067 fastigio
345 989 378 1046 et
412 1003 540 1045 sursum
574 981 665 1046 molli
701 991 873 1048 curuatura
908 981 1159 1047 dextrouersum
1191 983 1277 1048 flexa

145 1087 352 1178 bpreeeipiti
379 1088 465 1154 oliuo
495 1087 690 1177 deprimitur
719 1099 752 1154 et
782 1091 925 1180 speeiem
948 1113 1073 1179 pronae
1095 1091 1222 1156 litterae
1245 1091 1286 1155 V-

180 1197 279 1264 efficit
301 1206 334 1263 et
354 1198 498 1286 priorem
520 1208 647 1265 acutam
680 1208 712 1264 et
736 1199 955 1287 posteriorem
982 1221 1119 1286 grauem
1147 1201 1208 1266 sibi
1229 1199 1277 1267 in-

179 1328 250 1374 esse
273 1306 446 1393 significat.
473 1307 479 1392 Ι

265 1416 358 1486 Ordo
376 1416 412 1483 in
435 1417 624 1485 accentibus
643 1439 711 1484 non
731 1416 929 1504 adtenditur,
940 1439 1057 1484 uerum
1070 1419 1171 1505 uarie,
1188 1442 1276 1486 nune

177 1547 314 1612 grauem
348 1549 435 1593 nune
474 1534 604 1600 acutum
632 1549 875 1613 nonnumquam
906 1528 1030 1594 flexum
1058 1528 1163 1618 primo
1201 1530 1276 1596 loeo

127 1635 257 1723 reponi
277 1635 412 1700 dubium
430 1656 497 1700 non
519 1635 647 1722 recipit.
667 1635 671 1721 Ι

256 1743 448 1834 Longitudo
470 1747 647 1810 uerborum
668 1744 793 1811 duabus
817 1746 851 1812 in
873 1747 973 1812 rebus
997 1757 1056 1831 est,
1072 1755 1220 1835 tempore
1244 1755 1276 1812 et

179 1856 324 1946 syllabis.
367 1865 497 1944 tempus
518 1856 559 1920 ad
578 1857 783 1943 rhythmicos
803 1858 956 1945 pertinet,
979 1858 1127 1946 syllabae
1147 1858 1189 1924 ad
1210 1879 1276 1924 me·

178 1966 288 2032 tricos.
308 1963 394 2030 inter
414 1965 618 2050 rhythmicos
642 1975 674 2031 et
697 1965 849 2031 metricos
865 1966 1024 2032 dissensio
1041 1967 1201 2032 nonnulla
1217 1975 1276 2052 est,

179 2073 267 2160 quod
287 2072 443 2158 rythmici
460 2073 494 2138 in
517 2096 616 2139 uersu
637 2074 878 2161 longitudinem
901 2075 992 2140 uocis
1025 2084 1186 2164 tempore
1209 2097 1275 2140 me·

124 2195 158 2252 15
177 2183 304 2249 tiuntur
326 2191 358 2247 et
380 2181 477 2246 huius
499 2203 672 2248 mensurae
700 2183 868 2247 modulum
899 2183 1022 2250 faciunt
1047 2192 1175 2272 tempus
1202 2185 1274 2248 bre·

177 2291 347 2358 uissimum
365 2292 399 2356 in
416 2313 479 2376 quo
503 2313 715 2379 quaeeunque
738 2292 865 2379 syllaba
888 2292 1054 2358 enuntiata
1078 2294 1119 2358 sit
1139 2294 1276 2360 breuem

177 2401 297 2469 uocari.
350 2401 477 2466 metrici
508 2409 615 2466 autem
646 2423 803 2466 uersuum
829 2423 1014 2468 mensuram
1044 2401 1180 2486 syllabis
1200 2423 1276 2467 oon·

177 2509 406 2598 praehcndunt
426 2518 458 2575 et
476 2509 573 2574 huius
595 2508 763 2574 modulum
786 2510 945 2595 syllabam
967 2511 1102 2575 breuem
1117 2508 1273 2575 arbitran-

176 2629 240 2704 tur,
263 2629 392 2707 tempus
414 2627 523 2684 autem
544 2618 774 2684 breuissimum
795 2617 945 2704 intellegi
969 2617 1056 2704 quod
1083 2619 1274 2686 enuntiatio·

126 2744 161 2799 20
178 2751 255 2795 nem
277 2727 489 2795 breuissimae
510 2728 659 2814 syllabae
681 2728 859 2794 cohaerens
878 2727 1121 2813 adaequauerit.
1163 2728 1273 2815 itaque

179 3019 373 3077 circumflexus
391 3020 494 3074 similes
516 3023 589 3075 sunt.
615 3037 680 3074 nam
699 3023 816 3088 uterque
836 3018 913 3073 leuat
929 3019 1071 3087 syllabam.
1098 3021 1191 3090 grauis
1209 3039 1274 3076 con·

177 3093 280 3148 trarius
303 3091 415 3145 uidetur
443 3091 585 3154 ambobus,
613 3109 677 3144 narn
705 3108 814 3160 semper
840 3090 972 3159 deprimit
998 3091 1125 3159 syllabas,
1147 3109 1208 3146 oum
1232 3093 1275 3147 illi

178 3166 282 3232 lenent,
307 3167 340 3216 ut
365 3163 446 3217 ‘unde
469 3162 650 3216 uenitrTitan
675 3166 703 3216 et
725 3177 782 3216 nox
807 3161 855 3216 ubi
874 3161 966 3215 sidere
988 3163 1102 3216 eondit'.
1137 3163 1210 3217 unde
1228 3164 1274 3219 hie

177 3235 270 3304 grauis
295 3239 346 3302 est,
373 3233 464 3287 minus
492 3233 565 3287 enim
590 3237 679 3301 sonat,
704 3250 786 3302 quam
811 3237 908 3287 acutus
927 3240 956 3286 et
974 3233 1176 3288 circumflexus.
1203 3234 1273 3290 Mar.

176 3305 249 3362 Viet.
267 3306 280 3358 I
298 3305 324 3371 8,
344 3304 359 3357 1
382 3322 409 3373 p.
423 3304 491 3358 2481
505 3304 548 3358 P.:
580 3305 655 3358 inter
678 3305 811 3359 metricos
839 3313 868 3358 et
891 3304 1010 3358 musicos
1039 3309 1156 3376 proptor
1183 3307 1275 3375 spatia

177 3380 344 3446 temporum,
370 3393 439 3444 quae
457 3375 568 3443 syllabis
589 3375 860 3444 conprehenduntur,
883 3392 938 3428 non
959 3393 1045 3444 parua
1069 3377 1204 3432 dissensio
1223 3383 1273 3434 est.

176 3466 241 3502 uam
267 3447 367 3502 musiei
393 3464 448 3500 non
475 3446 562 3501 omnis
586 3447 660 3498 inter
686 3464 714 3499 se
739 3447 836 3515 longas
867 3452 915 3500 aut
938 3447 1032 3500 breuis
1056 3447 1119 3517 pari
1144 3465 1275 3502 mensura

178 3520 338 3584 consistere,
369 3517 393 3570 si
411 3517 521 3586 quidem
540 3520 569 3570 et
587 3516 666 3570 breui
685 3517 843 3571 breuiorem
862 3523 891 3570 et
908 3517 992 3586 longa
1009 3518 1163 3587 longiorem
1179 3517 1275 3574 disant

177 3607 259 3660 posse
278 3589 412 3658 syllabam
429 3587 498 3642 fieri.
535 3588 645 3641 metrici
669 3593 760 3641 autam
786 3592 871 3656 prout
892 3588 1024 3656 cuiusque
1045 3589 1166 3656 syllabae
1184 3588 1275 3660 lougi-

176 3662 245 3717 tudo
270 3678 302 3715 ao
328 3660 452 3714 breuitas
476 3659 570 3730 fuerit,
593 3659 634 3713 ita
657 3663 815 3728 temporum
840 3659 931 3728 spatia
958 3658 1069 3714 definiri
1086 3677 1177 3729 neque
1194 3661 1275 3716 breui

275 3929 294 3984 2
316 3927 441 3984 nominis
452 3927 482 3986 L
498 3928 543 3998 113
569 3945 770 4002 eumsurgens
782 3925 812 3984 L
833 3943 899 3984 aaa
912 3925 1033 3982 sinistra
1044 3923 1241 3999 consurgens?
1257 3922 1274 3998 ll

176 4015 195 4070 4
218 4015 359 4069 curuatur
374 4011 496 4070 adextro
513 4029 601 4069 uersu
623 4011 653 4070 L
667 4008 713 4089 116
737 4009 827 4068 efficit
848 4003 890 4081 et]
915 4013 944 4066 et
958 4026 1018 4066 om.
1041 4008 1071 4067 L
1085 4010 1099 4073 ll
1120 4009 1275 4084 14-10ngi-
1303 4001 1304 4008 '
1356 4031 1363 4040 “

173 4097 277 4154 tudine
299 4097 380 4152 uocis
402 4094 578 4172 temporaL
592 4088 607 4172 ΙΙ
622 4097 660 4152 16
682 4097 713 4151 in
734 4092 955 4170 quocumqueL
977 4093 1007 4148 in
1029 4110 1088 4169 quo
1111 4111 1175 4149 oum
1200 4112 1275 4169 quae

182 4180 368 4252 Weslpbolus
386 4179 493 4252 froyla.
516 4179 546 4237 d.
566 4197 613 4253 pr.
634 4179 760 4254 rbytbm.
779 4197 813 4252 p.
834 4179 877 4236 42
890 4172 905 4255 ΙΙ
933 4177 971 4234 18
995 4173 1037 4249 et]
1060 4179 1096 4233 ut
1116 4175 1146 4234 L
1170 4169 1186 4256 ΙΙ
1208 4175 1296 4253 ὴτεγ

173 4263 276 4323 bemL
290 4258 304 4339 ΙΙ
320 4265 357 4321 19
382 4261 585 4320 brebissimum
597 4262 627 4321 L
641 4265 656 4332 ΙΙ
671 4262 900 4320 enuntiationem
918 4259 1105 4333 Wesrptalua
1123 4259 1143 4317 l.
1154 4278 1178 4319 s.
1190 4279 1222 4334 p.
1234 4264 1275 4320 43

174 4348 374 4406 enuntiatione
385 4347 415 4407 L
429 4347 444 4422 ΙΙ
458 4348 498 4404 20
517 4346 706 4406 brebissimae
721 4349 736 4417 ΙΙ
750 4346 890 4404 coherens
912 4343 1123 4422 adaequeberit
1143 4344 1173 4405 L
1187 4347 1203 4418 ΙΙ
1259 4373 1263 4384 ·

1076 4445 1110 4506 13
