3126 5146
787 455 845 516 108

269 651 352 717 quae
372 625 408 698 in
418 632 479 698 hac
495 632 701 722 expositione
714 632 852 719 lateant,
871 632 1071 700 felicioribus
1095 631 1295 723 expiscanda
1315 622 1364 701 re·

266 740 423 828 linquam.

366 853 419 920 De
441 851 560 920 litteris
578 851 612 918 in
626 851 840 938 grammatica
857 861 964 918 actum
975 873 1047 918 esse
1063 875 1116 918 res
1133 852 1204 942 ipsa
1222 855 1366 942 postulat

268 970 300 1030 et
322 970 459 1028 testatur
475 959 639 1028 Cornutus
654 960 840 1030 Cassiodori
861 985 893 1050 p.
909 961 992 1028 2286
1008 963 1046 1030 Ρ.
1067 960 1239 1051 eidemque
1255 962 1364 1030 tribuo

268 1071 357 1156 qued
378 1071 504 1138 Probus
528 1069 637 1153 tradit,
660 1072 791 1138 nomina
813 1072 996 1138 litterarum
1025 1072 1271 1140 indeclinabilia
1293 1093 1365 1138 esse

266 1182 320 1264 (ir.
332 1179 399 1267 94).
423 1180 464 1246 de
485 1179 602 1246 litteris
626 1190 735 1246 autem
758 1189 843 1246 teste
856 1177 1002 1248 Cornuto
1019 1180 1074 1261 (fr.
1087 1181 1142 1269 95)
1166 1182 1246 1248 haec
1255 1182 1363 1248 Varro

267 1289 397 1378 scripsit
428 1289 621 1354 ‘litterarum
652 1288 769 1377 partim
802 1299 878 1356 sunt
910 1299 942 1354 et
974 1288 1127 1358 dicuntur
1150 1298 1187 1356 ut
1215 1291 1250 1358 A
1270 1301 1304 1360 et
1325 1290 1365 1378 B,

193 1448 195 1454 -
267 1399 385 1488 partim
409 1397 561 1464 dicuntur
582 1407 615 1462 et
636 1421 702 1464 nun
724 1408 798 1464 sunt
821 1406 857 1464 ut
871 1398 949 1466 Het
963 1398 1007 1480 X,
1024 1399 1140 1487 partim
1162 1408 1238 1467 sunt
1256 1422 1363 1490 neque

268 1508 420 1586 dicuntur
439 1509 522 1574 ute
543 1516 576 1573 et
603 1509 654 1574 Ψ.
678 1507 797 1575 deinde
820 1508 861 1574 de
885 1509 1049 1576 uocalium
1071 1517 1103 1574 et
1118 1509 1365 1576 consonantium

267 1626 381 1684 natum
403 1625 436 1683 et
457 1616 744 1684 coniunctionibus.
760 1639 860 1703 agere
883 1617 1005 1701 debuit,
1037 1627 1074 1682 ut
1095 1617 1276 1704 Dionysius
1297 1617 1364 1684 Ma·

267 1727 334 1794 rius
354 1726 545 1794 Victorinus
566 1726 747 1793 Martianus
769 1725 916 1817 Capella.
944 1749 987 1794 ex
1017 1727 1114 1793 huius
1142 1748 1223 1796 uero
1254 1728 1364 1794 uerbis

268 1836 402 1904 111263
422 1859 454 1924 p.
467 1838 509 1904 59
530 1837 605 1904 Gn:
628 1847 698 1906 baec
719 1865 784 1906 cam
804 1847 997 1921 qranmurica
1018 1845 1136 1916 dicarat,
1156 1863 1275 1920 eamque
1292 1863 1365 1920 pro·

268 1953 356 2029 preda·
376 1953 517 2028 Iuppiter
539 1953 701 2028 Deltasque
727 1956 942 2028 praeciperent,
964 1955 1011 2016 bic
1027 1954 1131 2014 Pallae
1158 1946 1205 2017 ‘dc
1227 1955 1366 2014 tractura

266 2056 458 2138 sytamrum’
481 2064 577 2143 aquit
598 2059 678 2122 ‘dum
696 2064 767 2122 baec
790 2061 957 2124 litteratura
977 2063 1164 2138 deproperat,
1182 2067 1299 2138 partem
1320 2063 1364 2122 bi-

266 2171 405 2230 etorr’oam
424 2164 630 2244 praetermisit
658 2163 795 2230 fortasse
819 2163 1051 2251 conligendum
1074 2164 1172 2230 etiam
1194 2163 1363 2232 historicas

269 2271 311 2338 de
337 2271 454 2338 litteris
482 2272 725 2340 obseruationes
755 2297 774 2338 a
800 2272 951 2358 Varrone
986 2273 1112 2340 additas
1145 2273 1255 2358 fuisse,
1290 2295 1365 2351 nem

270 2381 382 2468 quanti
404 2383 560 2448 momenti
581 2381 659 2447 talia
678 2383 713 2448 in
733 2382 894 2450 Martiano
920 2383 996 2468 sint,
1026 2383 1138 2450 docuit
1158 2382 1196 2452 G.
1218 2384 1259 2453 F.
1280 2383 1364 2450 Her-

268 2513 367 2558 mann
388 2491 491 2580 praef.
513 2491 564 2558 ed.
578 2491 688 2582 Kopp.
701 2516 733 2581 p.
748 2491 827 2578 XX,
848 2493 902 2562 cui
923 2492 1050 2561 accedit
1070 2492 1158 2579 qued
1181 2493 1279 2563 etiam
1298 2493 1364 2562 Ma·

268 2601 336 2668 rius
358 2600 549 2674 Victorinus
571 2601 623 2667 14
643 2625 676 2690 p.
693 2603 775 2668 2456
789 2605 827 2669 P.
848 2603 947 2668 multe
971 2603 1012 2670 de
1035 2604 1148 2669 eadem
1171 2625 1208 2669 re
1228 2603 1368 2692 profert3

269 2710 348 2796 quid
369 2732 448 2776 uero
471 2732 514 2776 ex
534 2711 597 2776 hec
627 2711 712 2777 libro
740 2712 915 2801 sumpserit
944 2734 983 2777 eo
1012 2711 1168 2778 incertius
1198 2719 1256 2796 est,
1290 2711 1366 2799 qnia

270 2830 401 2908 practer
425 2819 583 2888 Varronis
605 2819 646 2884 de
666 2821 701 2888 H
725 2829 756 2886 et
776 2821 810 2886 X
836 2819 1028 2905 doctrinam,
1062 2821 1103 2889 ad
1125 2843 1220 2906 quem
1244 2821 1264 2888 I
1284 2819 1315 2904 3,
1335 2819 1365 2886 8.

268 2929 310 2993 ro
331 2951 362 3017 p.
375 2926 506 2996 arear.
528 2929 569 2994 a.
588 2928 683 2994 narr.
697 2928 776 3018 cap.
791 2928 844 2995 111
857 2929 919 2994 ece
931 2951 963 3016 p.
977 2909 1090 2996 sear.
1109 2939 1245 3016 specus,
1266 2929 1364 2994 stram

268 3059 351 3127 quae
377 3059 450 3103 eum
478 3036 572 3102 libris
602 3037 643 3102 de
672 3038 863 3122 antiquitate
892 3036 1075 3104 litterarum
1108 3037 1214 3102 etde
1236 3037 1363 3126 origine

267 3147 400 3232 linguae
422 3147 540 3211 latinae
565 3146 765 3212 conueniunt
787 3146 896 3213 habet.
928 3147 1148 3233 sequebantur
1170 3148 1241 3214 eine
1265 3145 1365 3212 dubio

268 3255 425 3342 syllabae,
448 3255 586 3320 fortasse
607 3255 705 3320 etiam
728 3255 839 3320 breuis
862 3255 1037 3344 disputatio
1067 3255 1108 3322 de
1136 3256 1305 3321 uocabulis
1336 3265 1369 3321 et

270 3364 454 3430 enuntiatis.
479 3363 538 3430 sed
555 3363 639 3462 baec
662 3366 787 3432 etiamsi
809 3365 880 3430 ueri
899 3365 1016 3431 similia
1036 3365 1161 3431 ineerta
1182 3375 1266 3444 sunt,
1291 3387 1367 3430 cum

267 3495 330 3544 nec
358 3484 515 3560 quatenus
542 3474 740 3562 Dionysium
761 3475 867 3542 Varro
898 3469 1029 3542 secutus
1056 3473 1098 3540 sit
1129 3474 1280 3558 sciamus,
1302 3495 1367 3540 nec

268 3582 427 3651 Martiano
440 3581 597 3669 Capellae
618 3584 695 3650 satis
715 3583 881 3650 confidere
905 3583 994 3668 licet,
1016 3593 1052 3647 ut
1074 3605 1113 3648 eo
1135 3584 1205 3648 solo
1232 3591 1366 3648 auctore

269 3694 339 3780 nisi
354 3702 411 3762 aut
434 3692 565 3760 disertis
585 3694 695 3760 uerbis
707 3695 891 3760 Varronem
914 3693 1035 3758 excitat
1058 3702 1113 3759 aut
1132 3683 1366 3758 aliaaecedunt

268 3803 310 3869 de
342 3802 487 3889 qualibet
516 3824 553 3868 re
583 3825 601 3867 a
628 3803 779 3871 Varrone
802 3811 941 3868 tractata
975 3801 1151 3890 quidquam
1179 3811 1368 3870 statuamus.

269 3913 412 4000 denique
436 3913 477 3978 de
502 3913 646 4002 partibus
669 3912 823 3980 orationis
849 3912 928 4000 egit.

369 4024 457 4107 Quot
482 4032 590 4088 autem
611 4032 721 4111 partes
743 4021 890 4087 statuerit
911 4030 1004 4088 extra
1026 4019 1259 4088 dubitationem
1280 4019 1367 4107 pesi-

268 4144 338 4201 tum
359 4157 425 4200 nen
448 4143 506 4201 est.
529 4134 681 4200 crederes
713 4155 788 4197 eum
820 4156 893 4197 cum
921 4132 1075 4217 Dionysii
1105 4141 1209 4198 artem
1237 4128 1368 4216 legerit,

267 4243 356 4309 hunc
379 4242 435 4308 uel
457 4241 564 4330 petius
586 4240 815 4310 Aristarchum
840 4239 965 4324 (Quint.
990 4240 1065 4308 inst.
1088 4238 1292 4326 or.14,20)
1315 4259 1364 4306 ee·

269 4361 379 4420 cutum
400 4367 482 4436 esse,
507 4349 561 4438 qui
582 4351 642 4417 has
658 4360 856 4444 pesuerunt:¹
876 4371 995 4426 nomen
1006 4350 1144 4418 uerbum
1158 4345 1368 4438 participium
