3140 5148
718 481 776 540 211

118 663 124 670 '
196 661 357 727 enarratio
394 671 444 726 est
475 658 649 747 exquisitio
656 706 673 744 ,.
703 679 764 746 per
797 677 893 743 quam
926 658 1024 724 unius
1057 657 1213 746 cuiusque
1247 655 1298 726 rei

198 767 384 854 qualitatem
409 767 547 854 poeticis
579 766 735 852 glossulis
766 765 980 832 exseruimus.
1029 759 1213 831 emendatio
1248 775 1298 831 est

197 877 396 943 recorrectio
430 897 594 959 errorum,
637 876 691 961 qui
720 896 781 961 per
819 875 1012 963 scripturam
1045 875 1297 948 dictationemue

198 987 289 1052 fiunt.
312 985 471 1050 iudicium
493 993 542 1050 est
563 984 754 1068 aestimatio,
774 1006 837 1070 qua
851 1007 968 1071 poema
986 993 1158 1071 ceteraque
1176 986 1299 1073 scripta

161 1103 179 1157 b
196 1091 441 1181 perpendimus.

106 1313 108 1317 ·
139 1299 178 1360 94
211 1353 214 1360 ,
280 1277 410 1357 Nomen
422 1278 519 1344 unius
533 1278 690 1364 cuiusque
704 1277 832 1344 litterae
845 1299 957 1344 omnes
974 1278 1051 1344 artis
1064 1277 1183 1342 latores
1204 1297 1298 1364 prae·

197 1387 474 1475 cipuequeVarro
496 1398 614 1453 neutro
633 1410 756 1476 genere
776 1389 935 1478 appellari
954 1387 1182 1452 iudicauerunt
1196 1395 1229 1450 et
1245 1407 1299 1474 ap·

197 1505 265 1562 tote
285 1495 445 1563 declinari
460 1493 642 1563 iusserunt.

145 1695 181 1758 95
226 1751 229 1756 ,
283 1681 480 1747 Litterarum
494 1681 614 1770 partim
629 1690 704 1746 sunt
727 1689 760 1746 et
781 1680 936 1746 dicuntur
956 1680 1038 1746 utA
1057 1689 1090 1745 et
1114 1679 1156 1762 B;
1180 1677 1301 1766 partim

145 1799 181 1855 10
199 1789 353 1856 dicuntur
374 1812 481 1876 neque
503 1800 580 1856 sunt
600 1800 636 1856 ut
653 1791 686 1856 H
709 1801 741 1858 et
762 1789 806 1876 X,
829 1790 988 1876 quaedam
1014 1811 1122 1876 neque
1144 1796 1220 1857 sunt
1242 1807 1299 1854 ne⁹

201 1920 263 1988 que
287 1899 440 1966 dicuntur
461 1907 499 1966 ut
517 1901 548 1962 d>
572 1910 604 1965 et
631 1899 668 1966 Ψ.

200 2167 291 2222 sitio
310 2183 371 2236 per
391 2208 396 2220 .
418 2205 423 2216 .
443 2207 448 2218 .
471 2166 678 2221 emendatio
700 2171 757 2221 est
781 2185 835 2236 qua
860 2165 972 2236 singula
996 2169 1082 2237 prout
1108 2167 1170 2235 ipsa
1187 2182 1232 2220 res
1250 2181 1301 2235 po·

201 2238 290 2294 stulat
309 2237 456 2308 dirigimus
474 2239 655 2293 aestimantes
673 2240 871 2293 uniuersorum
887 2238 1058 2308 scriptorum
1076 2237 1217 2292 diuersam
1240 2254 1300 2292 sen·

198 2310 319 2364 tentiam
345 2309 393 2363 uel
420 2311 647 2364 recorrectio
676 2327 845 2364 errorum
955 2308 1131 2364 iudicium
1160 2312 1214 2363 est
1244 2325 1299 2378 quo

200 2399 311 2435 omnem
324 2381 481 2435 orationem
490 2387 569 2435 recte
577 2382 623 2436 uel
632 2381 723 2436 minus
734 2399 818 2451 quam
827 2385 906 2436 recte
916 2381 1127 2451 pronuntiatam
1139 2379 1301 2450 specialiter

198 2453 355 2507 iudicamus
373 2453 419 2506 uel
438 2453 653 2506 aestimatio
672 2471 738 2522 qua
757 2496 763 2508 .
782 2492 808 2507 ..
826 2452 1089 2522 perpendimus.
1109 2451 1298 2506 Max.Vietor.

201 2542 229 2593 p.
240 2528 292 2578 272
308 2523 388 2578 Lind.
407 2542 435 2593 p.
449 2527 516 2578 1938
531 2524 577 2578 P.:
605 2524 805 2594 grammaticae
834 2523 927 2578 officia
955 2528 1020 2577 sunt
1048 2526 1183 2592 quatuor:
1212 2521 1299 2576 lectio

200 2595 342 2648 enarratio
361 2595 519 2649 emendatio
537 2596 680 2649 iudicium.
712 2596 796 2650 lectio
812 2595 926 2664 quidem
937 2599 981 2648 est
995 2595 1149 2649 secundum
1166 2596 1301 2648 aceentus

200 2667 236 2721 ad
265 2683 377 2720 sensum
405 2668 657 2736 necessitatemque
681 2668 883 2735 pronuntiatio.
921 2666 1063 2722 enarratio
1085 2665 1302 2723 estseeundum

200 2741 301 2806 poetae
320 2739 497 2792 uoluntatem
517 2739 735 2806 uniuscuiusque
754 2737 934 2793 discretionis
952 2737 1122 2808 explanatio.
1142 2736 1301 2792 emendatio

202 2813 247 2862 est
265 2826 393 2862 errorum
411 2810 487 2879 apud
503 2814 602 2879 poetas
621 2813 650 2862 et
669 2809 870 2879 figmentorum
888 2809 1078 2878 reprehensio.
1105 2808 1240 2862 iudicium
1258 2811 1302 2864 est

200 2881 272 2934 bene
292 2880 434 2934 dictorum
451 2882 656 2950 comprobatio.

301 2979 344 3030 94.
382 2975 466 3032 Prob.
485 2977 575 3031 instit.
596 2980 649 3030 art.
669 2995 697 3046 p.
710 2979 753 3041 48,
773 2979 821 3030 35:
850 2976 959 3031 Nomen
985 2976 1099 3030 litterae
1119 2978 1162 3029 est
1180 2989 1235 3043 quo
1255 2989 1303 3043 ap·

200 3047 342 3173 Eglfflrq
377 3065 442 3102 sone
461 3066 585 3104 nomen
604 3051 709 3102 unius
740 3049 913 3117 cuiusque
936 3047 1203 3103 ...declinari
1229 3046 1303 3100 ius·

232 3249 236 3256 ·
301 3215 344 3268 95.
383 3214 542 3269 Cassiodori
561 3216 791 3284 Cornutpffiess
803 3215 897 3270 Garat.
916 3232 944 3284 p.
954 3216 1024 3268 2286
1034 3213 1081 3267 Pa
1101 3212 1255 3266 Praeterea
1272 3209 1302 3264 in

199 3283 275 3340 libro
301 3286 348 3354 qui
368 3289 411 3338 est
430 3286 464 3339 de
483 3287 576 3356 (sicil,
597 3287 704 3356 quiesi
724 3287 754 3340 in
766 3286 797 3356 B)
818 3287 1002 3357 grammatica
1010 3285 1100 3340 Varro
1119 3302 1183 3339 eum
1203 3283 1238 3337 de
1255 3283 1303 3336 lit·

201 3356 271 3410 teris
293 3357 455 3421 dissereret,
467 3357 518 3411 HA
538 3356 598 3426 (ita.
613 3359 640 3412 h.
659 3359 733 3428 titre)
752 3361 827 3411 inter
846 3358 958 3412 litteras
979 3375 1037 3412 non
1055 3374 1116 3411 esse
1136 3354 1301 3424 disputauit.

202 3429 278 3496 quod
295 3428 385 3482 multo
406 3429 497 3482 minus
517 3431 629 3495 mirum,
658 3448 741 3498 quam
760 3429 835 3498 quod
850 3429 876 3482 X
896 3447 1005 3498 quoque
1026 3428 1152 3482 litteram
1176 3443 1237 3480 esse
1255 3442 1302 3479 ne-

201 3503 260 3570 gat.
278 3499 308 3554 in
327 3517 382 3568 quo
401 3500 470 3568 quid
490 3501 595 3554 uiderit
612 3501 737 3556 nondum
750 3500 932 3569 deprehendi.
949 3501 1039 3570 ipsius
1049 3501 1138 3553 uerba
1151 3497 1301 3551 subiciam:

201 3569 417 3624 litterarum
434 3573 570 3641 partim
589 3613 595 3626 .
616 3613 622 3625 .
643 3612 649 3625 .
669 3575 707 3625 ut
725 3577 752 3624 Φ
774 3579 808 3625 Ψ.
844 3571 1114 3635 Mar.Vict.13,12
1134 3567 1300 3638 p.2452P.=

201 3658 253 3695 neo
273 3642 420 3696 dubitatur
438 3643 482 3696 his
505 3643 611 3698 litteris
639 3643 767 3697 omnihus
792 3644 898 3712 absque
923 3643 984 3696 sola
1001 3641 1027 3695 V
1046 3641 1172 3704 remotis,
1196 3640 1302 3694 latinae

201 3712 314 3784 linguae
333 3713 454 3783 reliquas
473 3715 570 3769 decem
590 3719 619 3768 et
644 3716 752 3784 septem
774 3731 857 3782 posse
883 3714 953 3768 satis
976 3712 1078 3767 facere.
1121 3729 1187 3766 nam
1204 3727 1257 3780 pro
1276 3709 1303 3762 H

201 3785 401 3853 adspirationis
420 3789 496 3851 nota,
516 3791 548 3839 ut
566 3787 662 3857 graeci
679 3785 796 3850 faciunt,
822 3787 891 3854 poni
908 3788 1005 3854 posset
1024 3784 1047 3837 F
1067 3787 1096 3838 et
1114 3783 1137 3836 P
1158 3786 1187 3837 et
1205 3782 1302 3835 eadem

203 3857 339 3926 aspiratio
358 3857 550 3926 compleretur
566 3898 572 3911 .
591 3899 597 3911 .
620 3899 625 3910 .
644 3857 669 3910 X
688 3861 783 3910 autem
801 3873 853 3925 per
872 3855 973 3910 ests
995 3872 1141 3925 possemus
1166 3854 1301 3906 scribere.

201 3927 427 4051 cf.13,P8.10.
456 3932 486 3995 4,
508 3933 551 3984 77.
588 3928 692 3983 Donat.
711 3929 725 3981 I
744 3932 778 3992 2,
798 3931 816 3981 4
839 3946 868 3997 p.
885 3930 953 3982 1736
968 3927 1000 3980 P.
1044 3927 1123 3996 Serg.
1147 3925 1176 3978 in
1198 3924 1302 3978 Donat.

286 4181 300 4235 1
325 4177 484 4255 exquisitio
495 4175 558 4236 AB
579 4177 739 4254 adquisitio
749 4179 789 4237 M
799 4170 814 4255 ΙΙ
830 4179 847 4236 3
869 4176 1065 4236 dictionemue
1083 4171 1186 4232 ΑΒΜ
1196 4172 1243 4242 119
1267 4171 1304 4230 de

203 4261 286 4322 codd.
310 4263 372 4322 aid.
394 4261 493 4321 adnot.
517 4262 558 4321 ud
577 4263 619 4333 fr.
635 4265 676 4322 43
696 4265 731 4320 ut
749 4261 777 4319 A
801 4266 831 4320 et
852 4260 877 4320 B
900 4264 930 4319 et
951 4259 971 4318 h
994 4264 1024 4318 et
1045 4279 1065 4317 x
1093 4258 1204 4334 partim
1233 4258 1303 4314 sunt

201 4345 522 4426 ququequedicuntur.
545 4345 741 4428 qaedamAB
754 4345 770 4418 Η
787 4347 825 4405 10
845 4349 882 4406 ut
901 4343 954 4424 phi
967 4343 1092 4420 peut
1104 4341 1157 4420 phi
1169 4329 1301 4420 ’Mil
