3126 5146
687 458 746 518 148

165 651 240 694 cum
258 628 362 698 uerba
377 631 447 696 sint
467 646 590 713 rerum,
610 629 743 714 quando
764 629 897 718 deipsis
908 630 1065 715 obtinent,
1086 633 1264 700 uerborum

164 741 354 810 autemillis
384 741 501 826 quibus
525 741 565 806 dc
591 740 641 806 his
671 739 855 826 disputetur
878 739 968 825 (nam
991 763 1066 806 cnm
1089 740 1131 808 de
1154 740 1265 809 uerbis

163 846 254 933 loqui
277 849 341 916 uisi
360 849 473 915 uerbis
492 870 704 936 nequeamus,
725 857 759 914 ct
778 872 852 914 oum
873 849 1038 937 loquimur
1058 872 1126 916 non
1140 849 1204 918 nisi
1223 850 1264 916 ds

165 958 327 1044 aliquibus
350 959 449 1024 rebus
472 957 661 1046 loquimur),
683 958 825 1024 occurrit
854 957 963 1026 enimc
985 959 1030 1024 ita
1060 980 1132 1024 esse
1163 960 1265 1026 uerba

130 1067 259 1154 tsigca
280 1089 400 1150 rerum,
421 1077 457 1132 ut
477 1089 532 1132 res
554 1089 714 1134 essenon
737 1067 896 1134 desinant
927 1090 999 1132 cum
1023 1090 1104 1156 crgo
1126 1068 1265 1136 uerbum

164 1198 219 1242 crc
239 1175 399 1265 procedit,
424 1177 451 1241 si
474 1186 608 1264 propter
628 1197 665 1242 sc
681 1176 832 1264 procedit
847 1177 882 1242 id
898 1186 948 1243 est
964 1186 1001 1244 ut
1017 1175 1060 1244 dc
1074 1177 1145 1263 ipso
1157 1176 1264 1244 uerbo

162 1285 285 1371 aliquid
306 1291 479 1370 quaeratur
500 1294 557 1352 aut
575 1285 768 1374 disputetur,
787 1305 839 1352 res
856 1294 906 1352 est
919 1287 1032 1373 utiquc
1053 1284 1264 1374 disputationi

164 1394 410 1482 quaestionique
434 1395 591 1480 subiecta,
607 1395 668 1461 sed
687 1395 759 1483 ipsa
780 1417 832 1461 res
853 1395 992 1462 uerbum
1010 1404 1155 1462 uocatur.
1176 1393 1265 1480 quic·

165 1502 244 1590 quid
266 1511 375 1570 autem
396 1525 438 1569 ex
459 1503 562 1570 uerbo
585 1524 652 1568 non
673 1505 760 1570 auris
779 1504 840 1572 scd
862 1503 991 1570 animnos
1013 1505 1112 1570 sentit
1134 1513 1168 1570 et
1191 1503 1262 1592 ipso

111 1618 145 1673 10
164 1613 272 1678 animo
295 1621 426 1678 tenetur
442 1612 606 1678 inclusum
620 1612 753 1680 dicibile
764 1622 910 1680 uocetur.
932 1636 1007 1680 cum
1023 1635 1103 1680 uero
1124 1614 1264 1680 uerbum
1353 1597 1356 1604 ⁵

165 1721 317 1810 procedit
336 1744 404 1790 uon
425 1729 561 1809 propter
582 1743 617 1786 se
638 1720 698 1786 sed
720 1731 856 1809 propter
878 1721 968 1790 aliud
990 1721 1115 1808 aliquid
1136 1720 1264 1808 signifi·

165 1829 306 1896 candum
326 1829 426 1896 dictio
449 1839 595 1898 uocatur.
637 1850 691 1896 res
712 1839 821 1897 cirtem
843 1829 917 1918 ipsc
935 1851 1021 1915 quae
1037 1829 1104 1898 iam
1125 1830 1264 1899 uerbum

164 1959 231 2006 non
252 1948 303 2006 eet
322 1959 431 2023 neque
452 1923 551 2006 uerbi
567 1936 602 2006 in
623 1946 732 2006 mente
758 1937 940 2026 conceptio,
963 1937 1033 2006 siue
1054 1938 1176 2006 habeat
1191 1959 1264 2006 ucr-

164 2049 242 2116 bum
272 2069 334 2138 quo
364 2047 544 2136 significari
571 2048 674 2136 possit
706 2047 775 2114 siue
808 2071 875 2116 ncn
902 2048 1030 2130 babent,
1064 2047 1147 2116 nibil
1174 2046 1263 2114 aliud

164 2258 438 2330 pronuntiatumest,
457 2257 543 2314 dictio
561 2256 628 2314 fuit:
647 2274 704 2312 non
724 2257 797 2312 enim
812 2261 930 2328 propter
949 2275 978 2312 sc
995 2259 1138 2330 prolatum
1150 2262 1202 2326 est,
1214 2259 1264 2316 sed

164 2334 197 2383 nt
218 2347 251 2384 eo
270 2327 493 2399 significarentur
510 2329 555 2383 uel
574 2327 649 2383 bella
667 2345 737 2398 quae
756 2329 962 2398 gessitAcncas
982 2329 1027 2384 uel
1047 2333 1156 2385 scutum
1175 2334 1203 2386 et
1221 2347 1264 2386 ce·

165 2406 235 2470 iera,
267 2417 337 2470 quac
364 2401 505 2455 Vulcanus
533 2401 612 2456 heroi
638 2401 790 2454 truncatus
818 2404 871 2454 eet.
918 2401 980 2471 ipse
1013 2417 1081 2456 uero
1111 2403 1186 2456 bella
1218 2403 1264 2456 uel

122 2524 127 2528 .
163 2490 248 2539 erma,
268 2490 337 2542 quae
357 2478 436 2598 perta
455 2476 503 2528 auc
522 2475 632 2544 gestata
649 2472 728 2554 (corr.
754 2477 850 2526 Vrener
869 2493 918 2544 pro
938 2473 1049 2542 ingestu
1068 2495 1101 2528 ec
1123 2477 1147 2530 D
1167 2480 1195 2528 ic
1213 2493 1264 2546 quo

164 2545 295 2615 igeeteta)
316 2561 367 2598 sun
405 2542 439 2598 ab
466 2543 561 2598 Aenea
590 2543 663 2614 (ipsa
690 2560 802 2612 mquam
821 2561 891 2613 quae
910 2561 973 2598 cum
990 2547 1156 2616 gererentur
1181 2548 1265 2614 atque

165 2621 259 2670 essent
280 2616 450 2673 uidebantur
473 2629 600 2684 quaeque
621 2615 645 2668 si
667 2631 742 2670 nunc
765 2615 897 2669 mesrent
921 2617 967 2670 uel
992 2615 1081 2686 digito
1109 2620 1266 2672 monstrare

199 2705 306 2744 ssemus
325 2691 372 2742 cut
393 2691 517 2756 tangere,
546 2703 616 2756 quae
634 2686 743 2740 etiamsi
767 2704 824 2740 non
851 2684 1011 2756 cogitentur
1037 2705 1094 2742 non
1120 2691 1265 2744 cotanen

184 2758 197 2812 t
214 2763 246 2813 ut
263 2777 319 2813 non
334 2757 447 2825 luerint)
467 2757 529 2827 ipsa.
545 2775 612 2828 ergo
630 2775 682 2827 per
700 2775 729 2810 se
747 2775 799 2812 nec
817 2757 903 2812 uerba
921 2763 987 2813 sunt
1003 2776 1055 2814 nec
1069 2757 1193 2812 dicibilia
1210 2777 1264 2814 nec

164 2821 310 2896 dictinum,
330 2829 380 2884 scd
402 2845 449 2883 res
467 2845 537 2897 quse
556 2831 612 2882 inm
629 2828 744 2898 proprio
765 2829 876 2882 nomine
893 2845 939 2883 res
960 2835 1105 2885 necentur.
1140 2835 1264 2884 tracten-

165 2901 231 2956 dum
255 2907 300 2956 est
317 2902 404 2972 igitur
422 2900 503 2955 nobis
520 2901 550 2954 in
568 2901 621 2955 hac
639 2905 719 2970 parte
739 2899 901 2955 dialecticae
922 2901 956 2956 de
973 2903 1076 2969 uerbis,
1095 2903 1129 2956 de
1147 2901 1264 2957 dicibili-

164 2973 227 3041 bus,
246 2973 282 3028 de
298 2972 476 3041 dictionibus,
495 2971 637 3028 derebus.
657 2972 687 3026 in
705 2973 805 3042 quibus
825 2971 953 3030 omnibus
972 2991 1036 3029 cum
1052 2973 1157 3043 partim
1178 2974 1266 3031 uerba

166 3043 357 3115 significentur
375 3044 479 3114 partim
498 3061 555 3098 uon
573 3041 669 3111 uerba,
693 3041 762 3097 nihil
780 3047 824 3096 est
842 3047 945 3114 tamen,
969 3039 1004 3100 dc
1023 3062 1077 3114 qno
1095 3063 1153 3100 non
1171 3043 1265 3099 uerbis

166 3116 309 3186 disputare
328 3132 440 3170 neccsse
460 3113 504 3169 sit.
540 3115 634 3184 itaque
654 3111 689 3170 de
707 3113 749 3168 bis
765 3115 856 3186 primo
877 3115 1037 3185 disputetur
1062 3134 1114 3188 per
1139 3133 1209 3186 quac
1230 3115 1265 3172 de

166 3187 268 3244 ceteris
288 3182 431 3256 disputare
451 3183 623 3243 conceditur.

266 3258 357 3330 Igitur
374 3257 492 3312 uerbum
511 3258 657 3326 quodlibet
676 3259 793 3328 excepto
814 3275 882 3312 sono
896 3258 940 3328 (de
960 3276 1013 3328 quo
1032 3259 1103 3314 bene
1123 3258 1267 3330 disputare

166 3326 202 3383 cd
223 3327 387 3386 facultatem
405 3329 546 3385 dialectici
563 3328 694 3396 pertinet,
713 3347 770 3384 uon
789 3331 824 3383 ad
843 3329 1018 3386 dialecticam
1032 3331 1217 3400 disciplinam,
1236 3333 1268 3384 ut

168 3399 342 3456 defensiones
364 3400 504 3455 Ciceronis
525 3405 591 3454 sunt
609 3399 721 3468 quidem
738 3397 896 3455 rhetoricae
913 3401 1054 3456 facultatis
1082 3402 1132 3456 sed
1150 3420 1206 3457 non
1223 3401 1267 3454 his

168 3471 286 3527 docetur
303 3473 365 3542 ipsa
382 3471 533 3539 rhetorica)
564 3488 631 3542 ergo
660 3487 741 3524 omne
766 3472 884 3526 uerbum
907 3477 1020 3542 praeter
1044 3473 1074 3527 id
1094 3473 1169 3542 quod
1186 3477 1268 3527 sonat

167 3547 300 3614 quattuor
319 3543 453 3614 quaedam
470 3543 628 3600 necessario
646 3545 730 3597 uccct
749 3542 779 3596 in
797 3543 1003 3612 quaestionem:
1036 3545 1172 3614 originem
1189 3561 1268 3598 suam

167 3613 225 3668 uim
249 3607 464 3670 declinationem
485 3612 696 3668 ordinationem.
735 3609 770 3666 de
799 3614 907 3683 origine
931 3613 1011 3670 uerbi
1029 3615 1180 3685 quaeritur,
1203 3632 1267 3670 cum

168 3687 312 3756 quaeritur
329 3685 403 3740 unde
421 3686 461 3740 its
481 3685 601 3752 dicatur,
628 3702 673 3739 res
700 3701 763 3738 mea
781 3685 921 3740 sententia
940 3686 1022 3740 nimis
1042 3689 1152 3742 curiosa
1170 3692 1199 3742 et
1216 3686 1266 3740 mi·

167 3757 219 3815 nus
238 3758 404 3814 necessaria
422 3773 511 3826 neque
527 3758 581 3812 boc
600 3773 634 3811 eo
650 3755 719 3810 mihi
736 3755 843 3826 placuit
860 3756 962 3824 dicere,
990 3759 1065 3826 qnod
1083 3757 1210 3814 Ciceroni
1229 3760 1265 3824 (d.

167 3841 223 3887 sci.
243 3837 316 3886 teor.
337 3834 440 3897 11124,
458 3830 504 3898 62)
530 3845 639 3900 quoque
656 3828 731 3882 idem
748 3827 869 3882 uidetur.
896 3829 960 3898 quis
977 3830 1051 3886 enim
1071 3835 1152 3902 egeat
1171 3833 1266 3885 aucto·

270 4077 284 4136 l
308 4079 444 4158 optinent
464 4031 603 4154 ucrbzlrum
627 4077 652 4140 0
672 4079 689 4149 ii
710 4082 729 4140 2
749 4079 802 4140 illa
821 4097 875 4142 om.
899 4071 1042 4159 Dilnam
1058 4081 1267 4159 —loquimur

167 4161 390 4241 constrictent
417 4164 525 4229 Vsemr
548 4167 563 4239 ΙΙ
585 4157 607 4220 4
628 4164 777 4242 loquimur
798 4182 876 4227 corr.
900 4182 936 4225 cc
963 4164 1113 4241 loquimur
1136 4166 1167 4226 B
1184 4169 1199 4238 ΙΙ
1220 4185 1267 4226 oc-

169 4266 240 4330 curs
261 4272 286 4332 c
307 4264 365 4349 us
398 4274 546 4352 qunque
572 4273 637 4332 nr
654 4274 712 4345 iic
744 4293 830 4333 aures
851 4273 915 4334 cn
945 4245 1032 4334 aude
1056 4269 1114 4352 Pu
1132 4279 1164 4334 n
1183 4277 1270 4338 nce

170 4376 205 4414 ax
226 4358 277 4416 scd
297 4359 330 4417 ic
342 4377 399 4432 my.
420 4360 440 4416 i.
453 4379 476 4416 e.
500 4363 530 4416 et
544 4360 574 4418 B
589 4359 604 4430 ii
620 4358 654 4416 ll
679 4357 799 4434 aliquod
822 4353 907 4438 ΒΡΙΙ
924 4361 962 4417 14
986 4359 1066 4436 quod
1081 4361 1113 4420 D
1137 4360 1152 4432 Η
