3152 5142
805 439 842 494 10

277 611 471 679 Ciceronem
493 613 547 701 qui
571 614 753 681 academica
773 623 805 678 et
831 613 986 701 epistulas
1009 615 1106 686 modo
1130 615 1275 680 laudatas
1297 639 1325 680 a.
1338 639 1370 684 u.

272 721 479 814 DGCVIIII
494 721 624 810 scripsit
645 722 761 788 acriter
781 723 943 810 inpugnat
954 721 994 789 O.
1006 723 1147 790 Mueller
1162 724 1262 812 praei.
1274 723 1372 792 Varr.

272 831 414 918 stq,
427 832 514 919 quod
535 854 577 898 ne
598 841 790 921 conpertum
813 833 946 917 quidem
958 833 1119 917 habuerit,
1131 833 1313 900 Varronem
1328 856 1372 900 ex

273 939 431 1006 Antiochi
438 941 602 1008 academia
610 943 643 1006 in
651 951 753 1010 stoam
766 944 1025 1029 transmigrasse,
1032 942 1120 1008 cuius
1129 943 1370 1032 philosophiam

271 1049 416 1128 inlibris
440 1049 480 1116 de
502 1051 614 1138 lingua
644 1053 744 1118 latine
775 1053 891 1118 eodem
915 1061 1062 1141 tempore
1087 1051 1278 1142 conscriptis
1300 1055 1370 1120 fere

273 1159 392 1247 ubique
414 1170 543 1230 secutus
567 1161 616 1230 sit.
637 1162 724 1250 quod
742 1187 859 1250 parum
872 1163 1075 1230 considerate
1090 1162 1209 1250 posuit.
1234 1165 1277 1228 M.
1291 1165 1368 1232 Tul-

271 1267 350 1333 lium
373 1269 470 1353 enim,
491 1271 568 1344 licet
582 1271 788 1356 antiquorum
805 1273 1074 1361 philosophorum
1090 1295 1284 1359 graecorum
1296 1296 1368 1340 sen·

272 1377 387 1442 tentiae
409 1380 519 1464 paullo
539 1382 770 1468 neglegentius
800 1392 833 1447 et
856 1383 959 1447 cuiuis
987 1382 1137 1469 proximo
1162 1382 1313 1470 scriptori
1333 1405 1368 1448 se

272 1485 395 1552 dedens
418 1490 607 1574 exposuerit
632 1488 688 1569 (cf.
709 1489 749 1556 F.
770 1489 1053 1572 Schleiermacher
1071 1489 1174 1554 kritik
1194 1491 1225 1557 d.
1247 1491 1367 1556 sittenl.

269 1619 301 1684 p.
316 1597 385 1664 157.
410 1597 452 1664 A.
467 1597 505 1664 B.
517 1597 660 1664 Krische
681 1599 802 1667 forsch.
824 1599 859 1662 in
883 1600 936 1664 alt.
958 1598 1037 1686 phil.
1059 1601 1078 1665 I
1096 1622 1128 1685 p.
1149 1599 1200 1664 33.
1219 1599 1283 1664 444
1305 1598 1368 1686 sq.)
1390 1631 1393 1636 ·

272 1704 313 1770 de
334 1707 430 1774 amici
447 1717 479 1772 et
493 1706 707 1796 condiscipuli
720 1708 772 1791 (R.
784 1707 946 1774 Kuehner
960 1705 1027 1772 Cic.
1039 1707 1072 1772 in
1085 1707 1165 1794 phil.
1179 1729 1257 1772 mer.
1269 1730 1301 1794 p.
1312 1708 1367 1792 38)

270 1837 366 1882 sensu
389 1825 422 1882 et
445 1817 610 1902 cogitandi
634 1817 760 1884 ratione
782 1826 847 1882 tam
871 1817 1018 1902 grauiter
1041 1839 1166 1882 errasse
1189 1815 1287 1904 idque
1310 1841 1367 1906 pu-

269 1924 353 1990 blice
375 1928 556 2012 professum
578 1947 660 2009 ossc,
680 1946 777 1991 nemo
800 1924 923 2008 credet,
947 1924 1001 2008 qui
1020 1947 1175 2010 magnum
1192 1923 1368 1990 discrimen

268 2033 354 2100 inter
378 2035 505 2100 scholas
529 2030 602 2098 illas
631 2031 732 2096 fuisse
754 2041 856 2118 putet.
894 2031 1078 2096 Antiochus
1098 2051 1188 2111 uero,
1218 2030 1368 2097 Philonis

270 2142 324 2228 qui
352 2143 423 2232 ipse
449 2142 558 2209 stoicis
586 2142 744 2208 nonnulla
772 2150 981 2208 concesserat
999 2140 1138 2230 auditor,
1168 2161 1273 2206 nouae
1297 2162 1367 2206 aca-

270 2251 396 2317 demiae
417 2251 573 2339 placitum
595 2273 657 2316 nec
680 2250 826 2315 sensibus
849 2272 911 2316 uec
932 2249 1057 2314 ratione
1078 2249 1234 2336 cognosci
1250 2260 1282 2314 et
1295 2271 1367 2337 per·
1468 2237 1473 2248 ’

270 2360 351 2448 spici
374 2361 549 2448 quidquam
573 2359 613 2423 ab
635 2357 820 2423 hominibus
849 2378 945 2445 posse
976 2356 1033 2420 diu
1061 2355 1213 2422 sustinuit
1241 2379 1279 2421 ac
1312 2355 1366 2420 de·

271 2469 392 2553 fendit,
436 2467 554 2533 deindo
591 2466 632 2530 de
671 2465 815 2530 eiusdem
855 2463 1040 2531 infirmitate
1061 2531 1062 2536 ,
1082 2475 1114 2529 et
1152 2466 1368 2553 peruersitate

268 2578 422 2644 ‘omnium
443 2576 713 2666 philosophorum
737 2574 903 2639 concursu'
927 2566 1107 2657 coriuictuS,
1123 2574 1297 2638 stoicorum
1310 2573 1363 2639 de-

268 2697 357 2754 creta
386 2685 426 2751 de
456 2683 737 2774 conprehensione
769 2691 801 2746 et
834 2682 1079 2772 adprobatione,
1108 2693 1143 2747 ut
1167 2683 1364 2750 Ciceronem

267 2794 446 2876 κατάληψιν
462 2804 494 2859 et
510 2791 743 2874 συγκατάθεσιν
757 2802 942 2859 uertentem
964 2815 1091 2879 sequar,
1114 2794 1294 2881 adsumpsit
1310 2795 1365 2880 (cf.

187 2970 189 2974 .
268 2906 407 2972 Krische
421 2906 442 2970 l.
455 2905 477 2969 l.
488 2927 521 2991 p.
536 2904 595 2969 166
606 2926 655 2989 sq.
679 2902 807 2989 Grysar
820 2903 850 2968 d.
864 2903 1045 2968 academilr.
1058 2903 1152 2968 Philo
1165 2927 1195 2968 u.
1208 2904 1365 2972 Antioch.

267 3041 299 3104 p.
314 3015 368 3097 25)
394 3024 425 3078 et
446 3014 530 3079 hanc
553 3014 641 3077 uiam
662 3012 832 3099 ingressus
860 3035 898 3078 oo
921 3036 1025 3099 usque
1047 3012 1217 3102 processit,
1245 3022 1366 3079 utnon

267 3124 372 3190 solum
384 3122 626 3210 Chrysippoam
640 3121 843 3187 dialecticam
864 3129 931 3184 toto
954 3132 1091 3209 pectore
1113 3122 1367 3210 amplecteretur

268 3228 353 3314 (Cic.
365 3230 453 3295 acad.
466 3239 548 3317 post.
561 3229 596 3294 II
607 3230 659 3312 46,
678 3228 762 3312 143),
785 3251 899 3294 uerum
917 3230 1013 3294 etiam
1031 3231 1068 3295 ‘si
1083 3251 1248 3318 perpauca
1263 3241 1365 3296 muta-

267 3339 379 3424 uisset,
401 3339 667 3427 germanissimus
682 3339 813 3404 stoicus'
831 3339 945 3421 fuisset
958 3340 1042 3424 (Cio.
1056 3340 1107 3404 l.l.
1119 3339 1171 3424 43,
1186 3341 1254 3405 132.
1281 3340 1365 3407 Sext

268 3448 361 3539 llmp.
373 3451 452 3540 hyp.
464 3451 583 3536 Pyrrh.
601 3449 716 3534 1235).
739 3471 859 3538 nempe
881 3448 915 3514 in
938 3449 1165 3537 philosophiae
1184 3459 1276 3536 parte
1300 3474 1365 3515 mo-

267 3559 326 3626 rali
359 3558 420 3624 sibi
450 3558 595 3623 constitit
626 3556 712 3642 (Cic.
735 3557 756 3623 l.
770 3558 855 3640 l.43,
870 3557 954 3643 133),
987 3556 1021 3622 in
1052 3558 1229 3624 dialecticis
1257 3570 1365 3625 autem

267 3692 334 3734 non
369 3668 477 3756 potuit
512 3667 622 3734 stoicis
655 3667 776 3754 primas
805 3690 870 3732 non
900 3667 1045 3751 deferre,
1078 3689 1215 3753 quorum
1244 3671 1366 3756 placita

268 3779 366 3845 etiam
389 3778 424 3842 in
446 3777 592 3865 physicis
617 3780 775 3863 probasse
802 3777 942 3843 uidetur.
972 3777 1061 3846 cuius
1090 3779 1155 3844 uiri
1181 3781 1365 3848 auditorem

266 3889 465 3974 fidelemque
488 3896 684 3953 sectatorem
708 3911 782 3952 cum
805 3888 989 3952 Varronem
1015 3888 1116 3954 fuisse
1143 3899 1279 3976 constet,
1308 3892 1365 3955 mi·

267 3999 355 4065 nime
376 3997 495 4062 mirum
517 4018 587 4062 esse
607 3997 753 4084 adparet,
774 3997 861 4082 quod
882 4007 914 4062 ct
935 3997 969 4062 in
992 3998 1127 4084 reliquis
1151 3999 1280 4086 scriptis
1307 4001 1363 4084 (cf.

267 4107 305 4174 L.
330 4107 484 4172 Krahner
504 4107 525 4170 l.
539 4106 560 4171 l.
582 4128 614 4193 p.
628 4105 648 4170 8
664 4127 712 4192 sq.
734 4106 866 4192 grundl.
890 4131 917 4170 n.
939 4106 1049 4194 gesch.
1071 4107 1101 4172 d.
1124 4108 1204 4174 vorf.
1229 4109 1260 4173 d.
1282 4117 1363 4174 rb'm.

268 4215 424 4281 staatsrel.
438 4240 469 4303 p.
483 4216 534 4280 51.
559 4214 596 4280 C.
608 4215 651 4280 H.
663 4216 689 4280 I.
704 4215 879 4282 Francken
899 4217 1016 4306 fragm.
1028 4217 1125 4282 Varr.
1148 4240 1229 4306 quae
1253 4220 1364 4287 inuen.

267 4326 302 4390 in
321 4325 393 4390 libr.
417 4322 452 4391 S.
476 4325 618 4411 August.
643 4324 684 4388 de
708 4324 770 4389 ciu.
795 4325 847 4400 dei
869 4350 901 4416 p.
921 4327 994 4412 160)
1016 4328 1117 4393 multa
1142 4336 1244 4394 stoam
1270 4331 1364 4396 redo·
