3152 5142
809 468 848 526 54

281 643 365 707 hane
377 642 550 706 multorum
563 661 677 706 sensus
690 663 754 706 neu
769 641 928 720 aduertat,
943 661 1017 706 cum
1034 642 1128 706 illum
1144 642 1198 724 qui
1213 639 1284 724 (illa
1300 663 1383 726 quae

281 752 359 833 eod.)
371 751 405 816 in
418 749 541 815 eithara
553 760 608 815 aut
620 749 699 816 tibia
710 751 799 836 (quia
809 750 887 833 eod.)
897 735 1060 838 aliquanto
1070 749 1204 816 uberior
1214 760 1273 835 est,
1286 773 1383 840 saepe

281 870 384 926 totum
400 883 466 925 non
481 860 598 926 sentiat
611 860 772 926 meatum’.
796 859 902 926 minus
917 859 1048 946 quidem
1063 860 1197 948 reliquia
1220 861 1383 948 prosodiis

281 980 391 1036 notam
415 979 485 1036 esse
508 968 628 1055 pergit,
660 968 717 1033 sed
743 969 883 1056 primum
909 969 1053 1035 omnium
1076 990 1186 1034 rerum
1210 969 1302 1034 initia
1328 967 1384 1034 ob·

282 1101 376 1144 scura
397 1087 430 1142 et
443 1076 544 1156 μέσην
555 1077 681 1142 initium
698 1085 810 1142 cantus
823 1099 906 1160 esse,
919 1099 1000 1164 quae
1013 1078 1122 1144 neseio
1135 1101 1176 1143 an
1188 1078 1229 1142 ad
1241 1099 1383 1144 eonten-

282 1197 350 1252 tum
369 1186 485 1252 fidium
496 1193 656 1274 spectent,
678 1185 718 1250 de
731 1207 796 1270 quo
810 1186 851 1251 ef.
866 1185 1044 1274 Westphal
1060 1186 1081 1253 l.
1094 1186 1115 1252 l.
1131 1210 1162 1274 p.
1177 1185 1247 1272 109,
1264 1185 1383 1252 deinde

284 1318 380 1364 omne
392 1296 536 1362 medium
549 1318 615 1362 uon
627 1296 724 1362 facile
735 1296 834 1361 cerni.
850 1305 1021 1384 practerea
1031 1298 1256 1362 auctoritatem
1270 1297 1385 1363 doetis-

285 1406 440 1474 simorum
464 1405 658 1493 scriptorum
682 1405 766 1470 haue
789 1405 976 1492 prosodiam
995 1406 1079 1472 tueri
1099 1427 1236 1493 eamque
1257 1427 1386 1472 conme-

283 1514 403 1581 morari
424 1524 554 1602 praeter
576 1514 656 1580 alios
678 1537 697 1576 a
724 1515 942 1602 grammaticis
966 1514 1093 1583 Glauco
1119 1513 1232 1582 Samio
1257 1525 1289 1580 et
1302 1513 1387 1580 Her·

283 1635 429 1691 moerate
459 1624 555 1708 Iasio,
590 1647 608 1687 a
637 1624 857 1712 peripateticis
890 1624 1106 1690 Athenodoro
1146 1633 1178 1690 et
1199 1625 1387 1713 Theophra·

285 1742 345 1800 sto.
367 1732 489 1798 addere
512 1740 640 1820 poterat
651 1733 867 1798 Aristotelem
883 1732 981 1812 (rhet.
994 1735 1050 1800 III
1066 1734 1098 1814 1)
1119 1732 1180 1799 nisi
1190 1733 1251 1798 bie
1265 1733 1386 1798 flexam

288 1865 385 1930 quam
406 1841 526 1906 omittit
545 1839 645 1921 μέσην
668 1841 849 1907 nominauit
869 1842 924 1906 uel
946 1842 1146 1927 generaliter
1167 1843 1258 1908 uocis
1273 1842 1383 1906 huma·

285 1974 347 2020 uae
368 1973 465 2016 sonos
487 1950 652 2016 intellexit
666 1951 691 2037 ¹)
715 1951 771 2035 (of.
796 1951 942 2016 classieal
960 1954 1068 2038 journ.
1082 1952 1133 2017 XI
1159 1975 1189 2038 p.
1201 1952 1265 2035 73).
1291 1975 1384 2039 prae·

288 2076 380 2130 terea
401 2087 467 2128 non
488 2062 648 2128 absimilia
669 2062 757 2149 apud
779 2063 1016 2128 Aristoxenum
1038 2062 1223 2150 repperisse
1255 2062 1388 2128 uidetur

288 2172 460 2238 Vitruuius
492 2171 548 2254 (de
579 2169 739 2236 architV
754 2171 786 2254 4,
796 2171 842 2254 2),
869 2171 924 2256 qui
948 2170 1079 2258 quidem
1102 2180 1269 2238 auctorem
1292 2193 1386 2236 suum

287 2304 355 2347 non
384 2281 559 2346 admodum
582 2278 754 2367 perspicue
783 2278 935 2344 reddidit.
979 2302 997 2344 a
1030 2279 1137 2344 media
1162 2279 1314 2365 prosodia
1347 2277 1389 2344 ad

288 2392 409 2457 flexam
429 2390 557 2456 transiit
570 2387 844 2473 subtilissimeque
861 2388 901 2453 de
915 2387 983 2454 eius
1005 2397 1119 2453 natura
1143 2387 1312 2473 qtraesiuit,
1336 2410 1388 2454 or-

288 2522 341 2566 sus
362 2498 513 2568 eGlauei
528 2496 630 2565 Samii
652 2498 825 2581 sententia,
848 2498 901 2585 qui
926 2519 984 2563 sex
1007 2497 1180 2584 protulerit
1206 2497 1386 2584 prosodias.

288 2615 354 2674 tres
365 2608 454 2674 enim
467 2607 581 2672 harum
593 2605 761 2671 tralatitias
778 2613 908 2671 acutam
922 2627 1057 2690 greum
1071 2605 1223 2688 mediam,
1244 2604 1387 2693 reliquas

287 2741 367 2784 uero
388 2709 532 2784 diuersas
545 2727 668 2782 tantum
685 2718 805 2798 formas
820 2717 916 2782 unius
936 2717 1042 2782 flexae
1063 2737 1144 2798 esse,
1168 2737 1264 2800 quam
1275 2713 1388 2780 Erato·

288 2823 1388 2912 sthenesexocutaingrauem‚Theodoruscontrarioquoquecursu

215 2984 219 2992 -
289 2937 414 3002 moueri
427 2935 671 3002 existimauerit.
694 2935 861 3001 Theodori
873 2933 1148 2999 decretumVarro
1168 2931 1305 2996 adseiuit
1329 2931 1389 2998 sed

289 3045 448 3132 singulari
460 3045 586 3111 ratione
601 3045 760 3111 excoluit:
779 3045 934 3109 ‘ceterum
952 3043 1160 3128 (ealearro
1171 3041 1205 3106 in
1217 3053 1389 3128 utramque

288 3163 415 3241 partem
438 3154 590 3242 (utraque
611 3163 702 3240 parte
727 3152 804 3239 cod.)
827 3151 952 3217 moueri
982 3151 1167 3234 arbitratur,
1197 3172 1302 3238 neque
1325 3149 1390 3214 hoo

390 3397 416 3465 1)
435 3396 543 3452 Eadem
561 3413 630 3466 quae
642 3395 760 3451 Glaucus
768 3395 877 3450 Samius
892 3395 1031 3466 prosodiis
1049 3395 1192 3465 prioribus
1206 3395 1323 3462 dederet
1340 3411 1390 3449 no·

292 3493 368 3548 mina
385 3498 535 3548 recurrunt
558 3493 588 3547 in
612 3493 769 3562 fragmento
796 3493 871 3562 quod
894 3509 929 3546 ex
947 3492 1046 3547 eodem
1063 3491 1150 3556 fonte,
1175 3491 1335 3546 Herodiano
1357 3496 1390 3545 ut

289 3589 411 3657 uidetur,
430 3594 514 3659 atque
527 3589 641 3644 Arcadii
652 3590 701 3658 qui
712 3590 816 3643 dieitur
827 3589 899 3644 liber
916 3588 1068 3658 trigesimus
1089 3588 1171 3642 fluxit
1189 3593 1219 3642 et
1236 3587 1389 3642 secuudum
1431 3628 1435 3634 .

289 3685 414 3740 codicem
432 3685 669 3741 Parisinurn2603
689 3685 888 3755 aGoettlingio
907 3685 942 3738 ad
959 3686 1063 3740 eeloem
1083 3683 1231 3738 Theodosii
1251 3703 1277 3752 p.
1287 3683 1339 3737 202
1348 3702 1389 3753 sq.

290 3781 398 3836 editum
419 3786 470 3836 eet.
489 3783 529 3838 ibi
547 3783 679 3852 leguntur
697 3783 779 3837 haee:
798 3780 814 3849 ἡ
834 3781 978 3852 προσῳδία
997 3773 1046 3835 οὖν
1066 3797 1137 3854 φησι
1154 3774 1231 3839 τάσις
1248 3779 1306 3834 ἐστὶ
1326 3800 1388 3851 φω-

290 3879 338 3944 νῆς
360 3871 435 3945 notui,
463 3870 549 3948 ἤγουν
572 3872 702 3945 ποιότητά
726 3897 786 3934 τινα
810 3880 926 3950 ἔχουσα·
952 3871 1051 3949 ii.de
1077 3878 1258 3948 ἐπιτεταμένην
1278 3868 1389 3942 ἔστὶνῆ

290 3967 420 4043 ἀνειμένη
439 3966 456 4039 ἢ
474 3977 556 4045 μέση,
576 3978 715 4029 τουτέστιν
733 3963 918 4041 ἣόξύτονοςῆ
929 3967 1146 4045 περισπώμενος.
1166 3975 1291 4026 extrema
1301 3972 1388 4025 uerba

290 4069 463 4136 excerptoris
482 4071 641 4139 stupiditati
658 4072 807 4126 tribuenda
825 4089 886 4124 esse
906 4071 1102 4140 prioribusque
1125 4069 1303 4122 nullomodo
1322 4086 1389 4122 con·

288 4165 385 4217 uenire
403 4166 529 4235 adparet,
550 4167 584 4222 ef.
595 4169 695 4237 Georg.
707 4167 839 4222 Choerob.
860 4168 873 4221 I
890 4185 919 4236 p.
930 4166 964 4221 17
975 4167 1073 4222 Gaul:
1093 4170 1120 4218 ot
1136 4163 1191 4236 γὰρ
1209 4159 1292 4234 κύριον
1312 4158 1389 4218 τόνοι

289 4261 344 4314 τῶν
362 4262 459 4320 λέξεων
476 4256 526 4314 <laio
546 4267 617 4317 εἰσὶν
634 4259 679 4330 ἥτε
698 4259 771 4323 ὀξεῖα
790 4267 836 4316 καὶ
855 4262 871 4332 ἡ
890 4267 1099 4335 aepiscopum·
1119 4260 1207 4332 ἡγὰρ
1226 4267 1321 4330 βαρεῖα
1339 4255 1389 4314 οὐκ

291 4355 351 4410 tou
368 4358 463 4416 traaas·
481 4352 558 4417 πόνος
575 4355 641 4412 ἀλλὰ
660 4361 799 4428 συλλαβῆς.
