3140 5148
710 453 769 512 197

194 625 275 692 dicit
295 625 381 692 inter
402 627 604 713 rhythmum,
627 627 682 713 qui
705 627 806 694 latine
826 648 981 694 numerus
1003 636 1156 711 uocatur,·
1175 635 1208 693 et
1225 647 1292 693 me·

192 744 280 802 trum
303 735 366 802 hoc
385 736 543 802 interesse
568 736 656 822 quod
677 736 764 801 inter
785 735 955 802 materiam
980 744 1014 802 et
1035 737 1195 824 regulam.

140 917 175 980 67
276 916 447 984 Clausulas
481 939 612 1004 quoque
645 918 787 1006 primum
819 918 998 1006 appellatas
1031 918 1164 1003 dicunt,
1203 918 1291 1006 quod

195 1024 385 1090 clauderent
407 1026 610 1108 sententiam,
631 1034 668 1092 ut
687 1026 773 1114 apud
796 1025 942 1092 Attium:
967 1028 1019 1092 ‘an
1040 1027 1121 1094 haec
1147 1027 1211 1091 iam
1236 1027 1291 1094 ob·

156 1141 173 1196 h
193 1133 242 1199 liti
266 1144 339 1198 sunt
356 1133 484 1220 Bruges
493 1135 530 1202 l'.
552 1157 795 1222 nonnumquam
807 1134 910 1202 abhis
930 1133 1059 1200 initium
1081 1134 1128 1218 fit,
1150 1143 1187 1201 ut
1206 1133 1293 1224 apud

193 1241 389 1310 Caecilium:
411 1243 454 1308 ‘di
477 1242 554 1310 boni
579 1242 657 1330 quid
678 1242 787 1326 11667,
812 1242 898 1328 apud
919 1242 1137 1310 Terentiums
1155 1243 1290 1310 ‘discru-

193 1350 261 1416 cior
282 1350 402 1416 animi’.

193 1511 272 1566 Char·
285 1507 385 1580 11289,
397 1508 445 1564 1111
463 1509 532 1563 nihil
550 1511 593 1564 661
605 1507 680 1563 inter
698 1507 848 1577 rhythmon
866 1512 896 1563 et
911 1512 1023 1564 metron
1039 1507 1096 1563 nisi
1112 1510 1187 1579 quod
1197 1510 1291 1580 rhyth'-

191 1599 251 1637 mos
270 1586 314 1636 est
330 1585 451 1636 metrum
470 1580 567 1647 fluens,
585 1585 694 1634 metron
713 1585 807 1634 autem
824 1580 862 1634 sit
879 1579 1023 1648 rhythmos
1044 1582 1161 1636 clausus.
1192 1581 1292 1654 Augu-

194 1653 258 1708 stin.
280 1651 315 1707 de
332 1670 401 1706 mus.
420 1651 445 1706 V
463 1651 487 1717 1,
506 1653 531 1705 1.
549 1651 562 1703 I
580 1669 607 1720 p.
621 1649 674 1704 617
692 1651 735 1704 61.
754 1668 849 1722 congr.
868 1651 894 1705 S.
913 1651 1018 1705 Mauri:
1045 1653 1181 1706 interesse
1206 1655 1291 1706 anim·

193 1725 376 1780 aduerterunt
393 1721 467 1777 inter
484 1721 643 1790 rhythmum
668 1725 696 1774 et
722 1727 842 1776 metrum
867 1722 981 1791 aliquid,
1006 1725 1041 1775 ut
1066 1739 1146 1776 omne
1170 1729 1290 1778 metrum

191 1795 344 1864 rhythmus,
362 1811 418 1848 non
437 1793 520 1848 etiam
538 1793 628 1846 omnis
648 1792 792 1861 rhythmus
809 1795 931 1846 metrum
948 1793 992 1847 sit.
1021 1793 1110 1846 omnis
1129 1794 1203 1848 enirn
1220 1795 1291 1866 legi·

192 1867 262 1920 tima
279 1866 382 1934 pedum
400 1865 535 1919 connexio
554 1879 702 1916 numerosa
721 1868 773 1930 est,
801 1882 884 1933 quam
908 1863 1039 1933 quoniam
1058 1868 1179 1918 metrum
1197 1865 1290 1932 habet,

193 1954 251 1994 non
269 1953 330 1990 esse
347 1953 479 1990 numerus
496 1935 572 1989 nullo
590 1933 672 1988 modo
692 1937 795 2004 potest,
813 1936 843 1988 id
861 1939 905 1989 est
922 1952 980 1990 non
996 1951 1056 1990 esse
1070 1935 1224 2003 rhythmus.
1241 1937 1291 1992 sed

212 2009 324 2062 uoniam
341 2025 398 2061 non
416 2006 560 2072 66111661,
579 2005 705 2074 quamuis
723 2007 856 2076 legitimis
866 2007 985 2076 pedihus
1003 2006 1079 2060 nullo
1098 2011 1192 2060 tamen
1211 2014 1290 2063 certo

193 2025 248 2133 1116
264 2078 402 2149 prouolui,
422 2082 451 2131 et
468 2077 537 2132 item
554 2076 686 2146 legitimis
705 2077 840 2147 progredi
858 2077 976 2146 pedibus
994 2077 1132 2132 sedcerto
1144 2076 1199 2132 fine
1213 2096 1290 2133 coer·

193 2150 259 2215 ceri,
286 2149 354 2204 haec
372 2150 427 2204 duo
446 2165 548 2218 genera
569 2148 654 2201 etiam
673 2148 817 2203 uocabulis
842 2147 1025 2202 discernenda
1045 2152 1135 2216 erant,
1160 2153 1193 2203 ut
1219 2149 1290 2206 illud

194 2220 319 2290 superius
340 2220 484 2289 rhythmus
500 2223 611 2273 tantum
628 2218 744 2288 proprio
762 2220 817 2274 iam
836 2219 957 2284 nomine,
984 2218 1038 2272 hoc
1061 2223 1155 2274 autem
1172 2221 1290 2276 alterum

192 2291 234 2346 ita
250 2291 393 2360 rhythmus
412 2295 444 2345 ut
460 2295 581 2344 metrum
598 2289 683 2344 etiam
700 2295 858 2348 uocaretur.
878 2295 912 2360 as.
930 2289 998 2346 Atil.
1009 2288 1135 2348 Furtum.
1153 2309 1184 2361 p.
1194 2291 1247 2346 337
1258 2291 1289 2348 G.

193 2380 220 2431 p.
232 2361 343 2418 26891).
380 2361 473 2429 Quint.
484 2361 562 2416 VIHI
579 2360 606 2428 4,
625 2361 669 2418 50.

290 2456 333 2512 67.
371 2455 463 2511 Rufin.
484 2472 583 2512 comm.
603 2455 634 2510 in
647 2459 728 2510 metr.
737 2453 851 2509 Terent.
860 2473 887 2525 p.
896 2454 968 2511 2707
976 2456 1005 2510 P.
1026 2453 1242 2513 6111661666
1262 2458 1292 2512 in

191 2553 243 2608 Vll
261 2553 299 2622 (in
318 2551 437 2623 septimo
459 2555 481 2606 A
500 2551 616 2618 11111111
647 2549 829 2605 clausulas
854 2567 992 2620 quoque
1010 2591 1017 2606 .
1035 2594 1041 2608 .
1060 2592 1066 2606 .
1085 2551 1292 2618 discrucior

192 2623 314 2680 animi.
332 2624 405 2679 idem
414 2623 503 2679 Varro
521 2622 551 2676 in
569 2621 667 2676 eodem
683 2621 757 2676 libro
776 2621 829 2675 VII
850 2622 885 2676 de
902 2622 999 2692 lingua
1015 2623 1105 2678 latina
1121 2624 1157 2681 ad
1173 2623 1291 2678 Marcel·

191 2695 248 2749 lum
268 2697 307 2750 sio
325 2694 395 2749 dicit
413 2711 436 2749 a.
456 2711 482 2762 q.
504 2711 523 2747 s.
543 2696 590 2762 (fr.
602 2693 655 2763 73).
692 2691 761 2745 Mar.
773 2692 924 2762 11161117,
941 2693 955 2746 1
975 2713 1002 2765 p.
1013 2695 1085 2750 2503
1096 2695 1144 2750 P.:
1162 2713 1237 2749 nunc
1256 2694 1291 2750 de

192 2771 345 2820 metrorum
363 2769 447 2835 prout
464 2781 561 2818 uersus
578 2764 748 2835 processerit
764 2763 940 2834 praescripto
958 2771 987 2820 et
999 2766 1125 2836 legitimo
1143 2765 1198 2820 fine
1218 2766 1291 2820 clau·

193 2837 308 2907 aulaque
334 2837 467 2892 dicemus.
503 2853 567 2890 nam
592 2835 710 2889 metrica
727 2834 791 2904 lege
807 2833 838 2888 in
855 2834 910 2888 fine
931 2852 1064 2892 uersuum
1088 2837 1293 2908 quadripartita

193 2909 334 2963 conclusio
353 2912 405 2975 est,
430 2924 482 2977 per
506 2924 588 2976 quam
615 2906 706 2960 exitus
732 2905 817 2958 metri
842 2909 986 2977 statusque
1006 2907 1168 2976 dinoscitur,
1199 2913 1293 2962 utrum

192 2979 264 3049 pede
288 2997 337 3033 seu
356 2979 495 3048 semipede
514 2979 559 3032 uel
578 2976 691 3047 dipodia
710 2976 748 3030 sit
766 2977 955 3031 terminatum.
997 2977 1070 3035 hanc
1095 2977 1190 3048 graeci
1214 2973 1293 3032 κατά·

193 3052 393 3117 16666666,
414 3049 505 3103 idest
523 3066 586 3102 eum
604 3048 759 3118 legitimum
777 3052 897 3101 metrum
916 3047 946 3101 in
955 3050 1066 3120 syzygia
1076 3049 1230 3118 simplicem
1266 3067 1293 3104 e·

193 3121 265 3190 dem,
293 3121 322 3174 in
346 3119 514 3191 monopodia
534 3135 611 3188 uero,
638 3119 669 3173 id
693 3123 736 3172 est
760 3118 790 3171 in
808 3118 928 3188 simplici
946 3120 1018 3189 pede
1037 3121 1170 3189 syllabam
1188 3068 1289 3192 perdit.

193 3191 220 3245 Π
237 3192 263 3259 3,
282 3192 317 3246 38
335 3210 362 3262 p.
373 3192 445 3246 2524
454 3190 499 3244 P.:
528 3191 602 3258 quod
627 3207 694 3244 uero
719 3187 755 3242 ad
779 3189 914 3243 clausulas
940 3189 969 3244 id
996 3195 1040 3244 est
1057 3193 1210 3248 minuscula
1229 3193 1291 3246 cola

192 3263 325 3333 pertinet,
343 3267 411 3333 quot
432 3279 535 3332 genera
552 3279 683 3316 uersuum
701 3264 773 3328 sunt,
786 3261 905 3315 totidem
916 3277 1011 3316 eorum
1023 3263 1146 3318 membra
1156 3281 1207 3333 pro
1219 3263 1291 3318 olau-

193 3335 259 3388 sulis
278 3335 345 3403 poni
363 3337 480 3402 possunt
498 3337 526 3386 et
547 3333 608 3400 (scr.
621 3333 672 3400 661)
693 3333 783 3385 solent
809 3331 839 3386 in
860 3332 976 3387 canticis
993 3335 1082 3404 inagis
1101 3351 1183 3403 quam
1200 3340 1228 3388 in
1251 3335 1291 3388 di·

193 3406 306 3468 uerbiis,
332 3421 401 3473 quae
427 3421 461 3458 ex
481 3403 610 3457 trimetro
634 3403 722 3472 magis
749 3403 912 3472 subsistunt,
939 3403 1071 3459 collocari
1094 3410 1123 3458 et
1140 3406 1290 3474 praecipue

194 3475 267 3546 apud
286 3475 416 3529 Plautum
437 3479 465 3528 et
473 3473 608 3528 Naeuium
626 3478 655 3527 et
664 3473 817 3527 Afranium.
842 3491 905 3527 nam
924 3475 953 3528 hi
969 3475 1088 3534 maxime
1108 3493 1142 3528 ex
1161 3477 1290 3530 omnibus

193 3547 324 3601 membris
343 3563 473 3600 uersuum
494 3544 584 3616 [colis]
604 3545 638 3598 ab
657 3543 699 3596 his
719 3545 853 3611 separatis
869 3545 987 3600 licenter
1003 3545 1047 3600 usi
1064 3546 1248 3616 reperiuntur
1260 3547 1290 3601 in

194 3617 331 3672 clausulis.
352 3621 663 3677 eascripriWictorinum
675 3619 782 3682 Rufinus
802 3635 893 3669 comm.
906 3621 934 3670 in
941 3629 1016 3671 metr.
1026 3621 1124 3671 Terent.
1143 3620 1288 3688 621681).

193 3695 243 3746 381
260 3694 289 3743 G.
309 3689 344 3742 61.
363 3687 437 3742 Fest.
456 3687 535 3742 Pauli
553 3706 580 3756 p.
589 3687 636 3742 56:
656 3686 793 3752 Clausula,
807 3701 891 3755 quam
908 3688 1002 3756 graeci
1020 3685 1132 3758 ἐπῳδὸν
1150 3691 1289 3760 nocente

193 3760 273 3815 breui
292 3760 468 3814 conclusione
489 3762 532 3813 est
549 3757 695 3828 appellata.

293 3916 311 3972 3
334 3911 365 3971 A
385 3931 420 3962 =
445 3913 508 3973 6661.
529 3903 777 3972 116616161167496
796 3924 871 3968 6666.
890 3907 997 3968 VIIII
1009 3905 1061 3980 (cf.
1076 3908 1170 3970 Horta
1185 3899 1286 3983 616611

192 3999 288 4058 Prisc.
309 4016 340 4071 p.
353 3995 399 4070 X)
431 3997 462 4058 Β
482 4017 524 4047 =
546 3995 609 4056 6661.
632 3992 789 4054 Parisinus
809 3995 981 4052 7501saec.
1006 3991 1037 4051 X
1060 3993 1075 4061 11
1097 3997 1116 4049 4
1136 3990 1208 4050 haec
1231 3993 1289 4049 iam

192 4081 264 4138 haec
292 4081 384 4141 1161616
411 4082 503 4140 altero
526 4078 599 4137 haec
619 4077 648 4136 A
672 4081 687 4149 11
712 4079 729 4135 5
752 4077 866 4150 Bruges
889 4075 1065 4135 Bitschelios
1085 4081 1186 4150 quaest
1202 4094 1288 4136 6616.

190 4183 222 4239 p.
235 4168 276 4224 34
296 4163 428 4241 Phryges
444 4163 473 4223 A
494 4162 603 4241 phyres
613 4162 644 4220 Β
656 4155 671 4240 ΙΙ
684 4177 893 4236 nonnunquam
906 4159 937 4218 Β
950 4161 965 4230 ΙΙ
980 4161 997 4218 6
1022 4159 1154 4218 6661116111
1168 4159 1199 4217 Β
1212 4162 1226 4228 ΙΙ
1241 4159 1289 4216 161

193 4247 224 4306 A
245 4247 307 4308 dei·
333 4243 356 4319 (t
375 4251 412 4308 611
435 4247 528 4307 attero
550 4263 639 4305 16666
663 4247 697 4304 ta
723 4245 784 4304 1666
811 4259 896 4303 eroso
921 4239 993 4316 sar.)
1015 4243 1046 4301 Β
1069 4237 1084 4323 ΙΙ
1108 4237 1288 4318 Terentium]
1369 4263 1375 4272 ¹

192 4331 251 4392 Aa.
275 4332 401 4404 11114,
423 4337 441 4394 1
467 4323 483 4411 ΙΙ
507 4330 665 4390 discrutior
686 4330 716 4389 B
729 4327 745 4398 Η
