3126 5146
801 462 862 518 114

284 636 360 725 quia
377 657 420 702 err
439 636 657 726 disputatione
685 635 727 702 de
756 636 920 705 aduerbiis
942 648 1127 726 temporum
1160 647 1193 704 ct
1208 649 1213 662 '
1226 639 1383 722 locorum,

281 762 362 830 quse
383 746 487 832 igitur
507 746 655 812 ordinem
677 747 832 813 erationis
855 747 997 834 partium
1016 748 1227 834 sequebatur,
1250 756 1382 835 sumpta

280 864 355 920 sunt
376 853 517 941 taliaque
538 855 654 920 breuia
676 866 852 943 praecepta
867 865 958 921 recte
971 855 1128 940 loquendi
1143 857 1290 944 perbene
1302 856 1381 922 huic

280 963 372 1051 operi
395 963 606 1030 conueniunt.
648 966 688 1031 de
720 975 902 1051 temporum
925 964 1088 1031 aduerbiis
1110 963 1193 1032 nihil
1220 965 1380 1054 excripsit

279 1073 336 1138 ille
357 1073 421 1138 nisi
444 1097 508 1141 eom
532 1095 593 1161 per
621 1072 869 1141 ascribendum
892 1095 979 1158 esse;
1010 1096 1093 1162 quae
1124 1083 1279 1142 secuntur
1306 1074 1381 1142 aliis

279 1182 467 1248 tribuuntur
493 1191 527 1248 et
551 1182 701 1248 Varrone
724 1182 862 1269 indigna
890 1193 975 1250 sunt.
1022 1183 1120 1250 etiam
1146 1183 1306 1270 expositio
1338 1182 1379 1252 de

278 1291 425 1357 locorum
446 1291 609 1358 aduerbiis
630 1291 938 1380 interpolationibus
964 1292 1158 1381 quibusdam
1190 1302 1224 1358 et
1251 1292 1379 1360 lacunis

278 1403 407 1466 turbata
429 1411 462 1466 et
486 1400 632 1468 mutilata
654 1410 712 1484 eat,
739 1411 771 1467 et
790 1411 959 1490 praeterea
980 1402 1039 1466 ille
1072 1411 1171 1492 prout
1201 1402 1325 1488 aliquid
1350 1401 1379 1468 ei

278 1513 313 1580 in
341 1514 498 1581 Varronis
531 1513 615 1580 libro
639 1515 783 1582 notabile
816 1515 989 1582 uidebatur
1017 1515 1231 1604 transcripsit,
1263 1516 1377 1582 ordine

278 1643 388 1690 rarum
411 1643 547 1713 prorsus
569 1634 768 1712 contempto,
796 1624 884 1710 quod
910 1625 945 1690 in
968 1625 1025 1689 tali
1053 1625 1238 1710 fragmento
1260 1626 1300 1690 ab
1322 1625 1377 1690 ho·

277 1732 364 1798 minc
401 1732 542 1818 quodam
569 1754 637 1798 non
669 1729 856 1819 indiligenti
885 1755 981 1799 suum
1012 1735 1048 1800 in
1081 1756 1176 1799 usum
1204 1733 1260 1800 alii
1294 1734 1378 1800 libro

280 1841 392 1908 addito
421 1863 487 1907 non
517 1842 691 1908 admodum
715 1841 834 1908 mirum
866 1853 925 1908 est.
971 1843 1122 1931 exposuit
1148 1844 1252 1932 igitur
1270 1845 1378 1912 Varro

279 1953 357 2018 satis
387 1953 518 2041 copiose
549 1952 591 2018 de
612 1973 674 2018 usu
694 1952 812 2018 horum
834 1953 1076 2039 aduerbiorum,
1109 1953 1164 2020 ubi
1193 1953 1379 2020 adhibenda

277 2061 332 2127 ubi
354 2061 487 2127 uitanda
510 2071 631 2146 essent,
663 2081 793 2148 semper
820 2063 1002 2151 conparatis
1033 2062 1191 2130 similibus
1219 2063 1375 2148 loquendi

275 2171 437 2238 formulis.
480 2171 524 2238 ita
548 2191 621 2236 cum
647 2171 758 2236 uerbis
788 2171 942 2237 mouendi
971 2197 987 2238 e
1017 2172 1219 2258 aduerbium,
1250 2182 1287 2237 ut
1307 2171 1376 2237 cius

277 2281 418 2346 termino
439 2291 522 2365 utar,
543 2299 611 2346 non
631 2289 668 2347 de
687 2280 843 2366 coniungi
867 2280 970 2365 iussit,
998 2290 1034 2347 ut
1064 2307 1078 2349 e
1099 2289 1267 2362 prosimu,
1297 2299 1320 2348 α’
1333 2305 1376 2348 ss·

276 2400 350 2458 anto
379 2398 476 2474 redeo,
508 2391 594 2456 ‘nam
628 2387 670 2455 de
697 2389 868 2477 prouincia
901 2389 1122 2456 existimamus
1153 2413 1225 2456 cum
1259 2389 1301 2456 de
1339 2411 1378 2458 ea

277 2497 362 2589 bene
386 2508 442 2564 aut
462 2500 549 2564 male
570 2495 813 2587 praedicamus.
858 2519 922 2586 qua
951 2497 985 2564 in
1014 2520 1053 2564 ro
1074 2498 1274 2584 ‘reliquorum
1299 2522 1375 2587 quo·

278 2627 342 2694 que
364 2607 594 2674 eduerbicrum
616 2607 888 2694 significationem
910 2607 1059 2696 respexit
1082 2617 1115 2674 et
1144 2607 1311 2697 explicuit,
1341 2617 1377 2676 ut

278 2725 446 2784 secatione
468 2726 556 2794 aaut,
586 2726 620 2783 irs
642 2725 772 2784 coctione
792 2726 859 2794 etot,
882 2723 919 2783 dc
942 2726 1074 2784 contione
1094 2723 1233 2798 loquitur,
1260 2717 1339 2782 item
1361 2741 1376 2784 s

276 2846 365 2894 acono
384 2825 478 2892 uenit
486 2834 587 2910 actor,
608 2849 628 2893 o
647 2847 735 2894 sceau
755 2834 932 2912 spectator,
952 2835 1066 2892 contra
1086 2834 1250 2915 spectator
1271 2833 1374 2894 etheo

276 2947 331 3015 tro,
361 2943 451 3004 actor
472 2959 493 3003 a
516 2943 636 3014 theoto,
665 2943 701 3002 do
724 2957 810 3002 scoto
837 2934 993 3024 loquitur,
1024 2946 1057 3002 bs
1076 2959 1165 3004 socos
1185 2935 1375 3025 pronuntiat

276 3054 369 3111 actor
389 3041 568 3112 secundum
590 3067 785 3133 graecorum
806 3045 964 3130 loquendi
983 3066 1119 3128 rnorem,
1139 3045 1320 3112 secundum
1330 3044 1375 3112 la·
1409 3069 1412 3078 ·

159 3178 166 3192 ¹
276 3154 419 3220 tinorum
439 3177 497 3235 pro
517 3177 612 3233 sceno,
636 3154 723 3221 ‘nam
745 3153 861 3220 exiite
880 3155 1000 3219 scena'.
1023 3153 1173 3220 similiter
1189 3179 1250 3236 pro
1270 3162 1378 3221 rostrr's
1419 3162 1424 3174 ’

276 3263 315 3328 ‘is
338 3262 541 3330 contionatur
562 3264 616 3352 qui
636 3264 686 3330 his
709 3264 788 3329 dicit
801 3263 856 3349 qui
878 3273 952 3330 ante
967 3273 1072 3329 rostra
1086 3265 1172 3347 sunt,
1187 3284 1247 3350 pro
1262 3262 1376 3330 rostris

276 3374 364 3439 enim
386 3382 419 3438 et
440 3383 518 3439 ante
540 3373 630 3440 idem
652 3375 748 3441 sunt‘.
790 3383 828 3439 ut
850 3383 1042 3456 eprmctooto
1060 3381 1172 3457 uenire,
1201 3373 1248 3438 ita
1278 3373 1377 3439 etiam

277 3507 292 3550 c
316 3490 425 3550 tabulis
443 3492 578 3561 recitare,
610 3495 764 3551 esoootus
783 3493 926 3550 moteotic
947 3482 1124 3548 dicendum
1148 3503 1220 3548 esse
1242 3481 1376 3564 censuit,

276 3591 335 3658 sed
367 3591 487 3657 litteris
519 3611 694 3682 perperam
715 3591 848 3658 inscribi
870 3599 958 3658 datae
978 3615 994 3658 e
1015 3597 1117 3660 Galba
1139 3591 1194 3658 uel
1215 3600 1249 3659 io
1270 3597 1372 3665 Rosa,

276 3721 351 3766 nam
373 3700 407 3765 in
426 3701 501 3766 loco
525 3699 604 3766 dari.
627 3701 724 3768 otiam
747 3700 787 3766 de
808 3700 860 3767 his
883 3699 1048 3768 aduerbiis
1069 3724 1142 3768 cum
1164 3700 1274 3768 uerbis
1299 3719 1373 3764 con·

273 3967 346 4025 libro
373 3969 531 4041 sumpsisse,
556 3988 600 4026 rea
624 3971 719 4025 tamen
743 3974 803 4025 tam
823 3965 949 4025 diuersae
973 3971 1002 4025 et
1024 3967 1215 4042 discrepantes
1239 3971 1315 4026 inter
1341 3983 1371 4025 ss

274 4069 348 4132 aunt,
368 4066 442 4120 utin
453 4065 506 4121 hac
516 4083 547 4120 re
557 4065 765 4121 Lachmannum
778 4065 856 4135 requi
867 4083 924 4120 non
941 4065 1066 4136 audeam,
1086 4085 1149 4122 curn
1169 4068 1374 4137 circumspecte

273 4166 303 4216 et
324 4165 406 4217 caute
422 4159 468 4218 hic
488 4163 628 4233 agendum
646 4177 708 4218 esse
727 4163 828 4218 doceat
849 4161 916 4218 ratis
934 4163 1027 4234 ampla
1045 4163 1081 4219 de
1100 4185 1134 4220 es
1149 4169 1180 4220 et
1199 4167 1231 4219 ab
1249 4164 1374 4219 scriben-

274 4257 317 4312 dis
336 4258 481 4328 expositio,
499 4275 584 4328 qu-am
600 4259 662 4330 ipse
674 4275 692 4314 a
702 4259 830 4315 Varrone
847 4259 968 4314 alienam
985 4275 1046 4314 ease
1064 4259 1208 4328 iudicauit,
1226 4264 1255 4316 at
1270 4277 1373 4316 memo·

273 4354 316 4408 ria
334 4358 453 4410 oliorum
471 4356 567 4411 statim
588 4355 616 4410 in
636 4353 718 4412 initio
738 4355 863 4426 excerpti
880 4356 982 4427 ponite.
