3152 5142
735 467 860 523 19·

197 644 308 732 speeie
335 643 477 729 quadam
497 641 734 732 probabilitatis
755 644 837 709 baec
861 654 1080 734 opponuntur,
1105 641 1308 732 praesertim

197 775 280 822 cum.
293 754 339 820 ita'
359 759 466 820 totum
476 751 658 839 Augustini
680 753 872 840 opusculum
887 774 930 818 ax
943 773 1009 818 uno
1016 751 1178 820 Varronis
1201 753 1299 837 libro,

197 881 392 946 quamquam
416 883 537 946 magno
568 881 669 948 opere
694 871 878 945 extenuato,
907 862 1059 928 haustum
1087 883 1158 927 esse
1187 862 1299 950 possit,

196 993 270 1036 nam
299 991 381 1056 quae
412 969 454 1036 de
481 970 514 1034 ui
546 969 640 1038 uerbi
663 970 809 1060 disputat
834 965 1061 1059 capssVH-X
1082 971 1173 1035 nullo
1200 971 1298 1036 modo

195 1078 288 1145 libris
311 1079 352 1144 de
373 1079 488 1166 lingua
506 1078 617 1164 latina,
639 1081 785 1167 perbene
808 1080 999 1146 dialecticae
1023 1089 1098 1166 apta
1120 1091 1205 1146 sunt.
1230 1079 1299 1148 Sed

195 1188 526 1276 praeterquamquod
543 1188 578 1254 in
591 1189 653 1254 bac
669 1189 768 1274 (libro
792 1189 879 1254 enim
902 1190 1060 1276 singulari
1084 1189 1299 1266 tractabatur)

196 1321 463 1386 unumquemque
487 1308 554 1366 tam
575 1299 676 1385 longa
697 1298 871 1388 disputatio
896 1299 937 1363 de
960 1299 1171 1386 etymologiis
1197 1298 1298 1363 offen-

198 1407 262 1493 det,
286 1410 398 1474 nescio
422 1433 465 1476 an
485 1409 662 1496 singularis
682 1413 871 1490 consensus,
903 1427 999 1496 quem
1030 1431 1129 1497 supra
1148 1408 1298 1494 exposui,

198 1540 269 1584 cum
293 1518 387 1586 libris
411 1519 453 1584 de
473 1519 589 1607 lingua
614 1517 716 1584 latina
746 1519 829 1584 hano
857 1517 1095 1583 dubitationem
1123 1518 1225 1582 tollat.
1255 1511 1309 1581 ne'

197 1637 305 1694 autem
335 1628 420 1694 nibil
447 1627 626 1715 profecisse
647 1627 828 1712 uideamur,
859 1630 888 1695 si
913 1629 978 1696 boc
1001 1629 1180 1694 concedere
1205 1647 1296 1716 pror-

197 1759 251 1802 sus
272 1757 413 1821 recusas,
433 1760 534 1804 unum
558 1737 672 1804 adicio.
696 1739 883 1804 Varronem
913 1740 1015 1806 libros
1049 1717 1299 1825 disciplinarum

198 1847 308 1913 n'rultis
328 1847 421 1914 annis
444 1857 519 1934 post
540 1848 616 1914 illos
642 1847 683 1912 de
705 1847 820 1935 lingua
840 1849 940 1914 latina
963 1849 1132 1935 scripsisse
1163 1847 1296 1913 demon·

198 1955 311 2021 strauit
333 1956 536 2022 Ritsobelius
558 1956 614 2024 11.
635 1981 666 2044 p.
679 1956 732 2042 57,
745 1957 901 2042 quamuis
930 1958 968 2024 L.
993 1958 1158 2024 Mercklin
1180 1957 1298 2046 (philo-

196 2065 502 2154 log.'1111p.427)
524 2067 710 2152 dissentiat;
744 2068 778 2134 in
799 2068 849 2132 bis
869 2069 971 2154 igitur
992 2070 1063 2136 sine
1090 2067 1190 2134 dubio
1216 2087 1298 2156 quae

197 2174 267 2262 ipse
284 2181 426 2240 'summa
457 2175 616 2242 industria
643 2175 813 2262 'multaque
842 2179 1054 2244 meditatione
1084 2185 1296 2266 congesserat

199 2303 266 2349 non
286 2284 449 2370 neglexit,
472 2285 532 2351 sed
547 2293 722 2350 retractata
734 2286 921 2374 passimque
936 2295 1058 2353 mutata
1075 2297 1109 2352 et
1126 2287 1301 2352 admodum

201 2401 365 2459 eontracta
389 2418 483 2460 suum
504 2395 539 2460 in
558 2418 654 2461 usum
679 2397 850 2479 conuertit,
878 2397 913 2461 id
939 2399 1027 2483 quod
1050 2398 1148 2462 etiam
1171 2397 1206 2461 in
1229 2395 1299 2460 aliis

197 2503 290 2568 libris
314 2527 389 2570 eum
412 2504 531 2570 iecisse
560 2505 645 2572 infra
674 2509 824 2572 monebo.
852 2516 1016 2596 utcunque
1047 2507 1150 2594 igitur
1174 2507 1298 2590 statuis,

199 2617 393 2700 quamquam
416 2614 506 2702 prius
530 2615 614 2680 illud
642 2616 723 2682 mihi
753 2618 855 2682 multo
879 2617 986 2704 magis
1015 2617 1160 2682 arridere
1189 2625 1300 2680 tacere

197 2720 283 2804 nolo,
304 2723 376 2788 iure
398 2734 509 2790 nostro
533 2745 622 2790 nunc
645 2725 727 2790 haec
748 2726 912 2813 fragmina
932 2747 991 2794 nos
1014 2727 1047 2792 in
1074 2725 1237 2812 relliquiis
1260 2725 1302 2790 de

197 2829 311 2918 lingua
333 2833 434 2899 latina
452 2835 586 2922 posuise
608 2829 795 2902 concedes(

296 2939 413 3023 Varro,
426 2942 518 3006 cuius
529 2942 631 3007 uerba
641 2941 849 3027 Augustinus
865 2942 974 3007 multis
987 2941 1180 3026 ambagibus
1192 2939 1301 3004 reddi·

198 3046 257 3132 dit,
279 3048 320 3113 do
336 3050 509 3116 enuntiatis
521 3049 722 3138 simplicibus
735 3060 768 3116 et
779 3051 960 3116 coniunctis
974 3050 1058 3137 egit,
1068 3071 1205 3135 quorum
1217 3048 1299 3113 haec

198 3159 394 3224 sententiam
406 3169 461 3224 aut
474 3160 603 3248 inplent
612 3171 668 3226 aut
679 3183 746 3226 non
763 3162 891 3250 inplent
906 3161 959 3246 (fr.
968 3160 1053 3245 32³³).
1077 3181 1160 3245 quae
1176 3159 1303 3246 inplent

197 3265 318 3330 iterum
340 3267 496 3334 affirmari
518 3280 655 3355 possunt
676 3280 731 3334 aut
751 3280 934 3356 nequeunt3
961 3270 1072 3358 priora
1096 3277 1170 3334 sunt
1191 3267 1300 3355 prolo-

200 3374 286 3463 quia,
308 3374 349 3440 de
372 3399 510 3465 quorum
532 3379 760 3444 coniunctione
782 3387 948 3467 postremo
970 3377 1062 3442 dixit.
1082 3377 1163 3441 haec
1186 3375 1301 3474 stoico·

198 3507 273 3548 rum
295 3483 388 3546 161(τά
410 3486 524 3568 ἐλλιπῆ
544 3497 578 3552 et
600 3486 759 3569 αὐτοτελῆ,
787 3485 952 3567 ἀξιώματα
978 3483 1064 3548 ἁπλᾶ
1086 3496 1118 3552 et
1136 3482 1194 3562 οὐχ
1214 3481 1302 3544 ἁπλᾶ

200 3614 273 3658 csse
292 3593 395 3660 uid'es.
420 3595 454 3660 in
478 3595 595 3680 quibus
614 3619 715 3662 unum
737 3597 917 3662 notandum
931 3608 988 3664 est.
1011 3596 1106 3662 tertia
1121 3593 1213 3658 uerbi
1226 3613 1300 3680 per·

199 3727 279 3770 sona
294 3715 424 3792 praeter
438 3708 548 3790 uerba,
572 3729 655 3792 quae
679 3730 737 3772 nos
760 3707 894 3773 dicimus
917 3705 1146 3794 inpersonalia,
1170 3704 1205 3768 in
1226 3700 1302 3765 sim-

198 3811 338 3899 plicibus
361 3814 471 3880 uerbis
490 3813 633 3902 ponitur,
653 3815 761 3906 prima
783 3826 815 3880 et
834 3817 978 3882 secunda
1001 3837 1141 3905 persona
1166 3812 1201 3877 in
1225 3831 1318 3874 con·-

199 3979 409 3991 m

198 4073 250 4128 illa
266 4075 354 4129 uerba
372 4055 547 4146 contrahens,
566 4077 622 4134 ista
641 4078 824 4135 distendens'.
844 4078 877 4132 of.
898 4078 964 4130 Isid.
984 4077 1054 4145 orig.
1074 4041 1161 4140 11'23,
1173 4071 1197 4124 1.
1217 4068 1301 4122 sZe.

198 4188 274 4226 none
297 4172 368 4232 111166,
390 4173 546 4231 Varronem
568 4177 746 4230 transtulisse
773 4175 893 4230 Cassiod.
912 4174 929 4226 l.
950 4175 968 4228 1.
988 4191 1014 4242 p.
1032 4171 1099 4226 531b
1125 4171 1199 4224 Sext.
1220 4166 1300 4234 Emp.

199 4267 265 4324 adu.
286 4269 372 4326 math.
393 4270 449 4329 117
467 4271 516 4326 alii
533 4273 645 4342 docent,
665 4277 694 4328 et
712 4273 766 4328 alia
791 4273 821 4326 in
849 4275 981 4342 promptu
1006 4273 1078 4336 sunt,
1107 4270 1207 4339 quibus
1234 4268 1303 4322 illud

135 4363 139 4368 ’
199 4362 391 4421 confirmetur.
980 4397 982 4400 ·
