3126 5146
801 475 861 532 104

206 645 208 649 ’
280 650 360 716 totio
384 651 438 716 uel
460 649 551 714 uaria
573 649 728 736 cuiusque
752 651 863 740 scripti
885 648 1075 718 ‘enuntiatio‘
1092 649 1241 717 seruiens
1271 651 1377 739 digni·

278 761 337 825 tati
359 781 572 847 personarum
603 761 855 846 exprimensque
889 760 987 826 animi
1019 761 1167 826 habitum
1190 759 1377 848 cuiusquo’,

276 868 471 955 quae‘inter
492 892 528 935 se
549 893 615 936 non
637 871 814 937 conuenire
837 872 974 958 adparet
1005 871 1160 961 prinsque
1183 869 1266 935 illud
1288 873 1374 938 male

279 981 343 1045 huo
363 980 501 1045 inlatum
524 992 557 1048 et
578 983 843 1049 eiciendumest.
868 983 1007 1048 alteram
1030 982 1279 1058 conuenit-cnm
1295 981 1374 1050 Dio⁶

278 1089 374 1176 nysio
394 1113 426 1178 p.
441 1089 521 1156 6292
559 1084 735 1170 civoiyvoror'a
765 1089 829 1152 ἐστι
863 1085 1048 1169 ποιημάτων
1072 1083 1092 1170 ἢ
1117 1087 1376 1170 σομγραμμάτιον

281 1193 479 1268 ἀδιάπτωτος
502 1195 663 1278 προφορά.
689 1193 904 1279 ἀναγνωστέον
928 1196 962 1258 δὲ
985 1199 1068 1257 noer
1085 1191 1263 1277 ὑπόκρισιν,
1295 1194 1376 1260 acroi

279 1303 471 1386 προςῳδίσν,
494 1300 586 1373 κατὰ,
599 1303 777 1386 διαστολὴν,
797 1314 834 1369 ut
855 1327 922 1370 non
942 1305 1086 1370 dubitem
1107 1305 1188 1391 quin
1200 1312 1377 1385 'armastis

277 1417 482 1491 interpretatio
504 1419 674 1476 accentum
697 1421 730 1475 et
752 1410 982 1476 discretionem
1002 1413 1177 1499 expulerit.
1199 1415 1374 1481 crematio-

278 1517 328 1584 nis
351 1516 604 1605 explicationem
626 1519 682 1583 uel
703 1517 844 1583 latinitas
867 1519 976 1603 arguit
1003 1542 1071 1584 non
1093 1527 1241 1585 accurate
1262 1543 1376 1588 secun·

279 1627 357 1692 dum
387 1627 572 1691 Varronem
598 1624 736 1712 positam
765 1625 823 1692 sed
850 1626 1049 1710 generaliter
1082 1635 1128 1692 e'x
1163 1627 1233 1692 eins
1266 1637 1375 1694 mente

277 1735 493 1826 perscriptum
515 1755 598 1818 esse,
632 1757 694 1822 qua
714 1735 749 1800 in
767 1742 805 1800 're
829 1735 881 1800 hic
910 1744 1039 1824 quoqne
1072 1737 1231 1823 quaedam
1254 1737 1374 1804 omisso

277 1867 350 1914 esse
372 1845 536 1911 uidentur.
558 1843 736 1932 respondet
757 1845 845 1910 enim
857 1845 1016 1912 Varronis
1038 1847 1208 1914 enarratio»
1221 1846 1375 1932 Dionysii

277 1953 432 2036 γλωσσῶν
453 1975 486 2014 τι
507 1951 562 2016 καί
584 1949 733 2035 ἱστοριῶν
758 1950 919 2028 ἀποδόσει,
943 1975 981 2022 ‚e
1009 1955 1126 2043 quibus
1148 1955 1317 2022 historiam
1340 1956 1375 2022 id

279 2075 328 2131 est
350 2063 491 2128 fabulam
514 2071 630 2151 poetae
650 2069 922 2150 argumentnmue
943 2063 1151 2151 scriptorum,
1183 2065 1271 2151 quod
1293 2066 1375 2132 Var-

276 2195 390 2240 ronem
402 2173 591 2259 neglexisse
603 2193 701 2258 nego,
713 2174 835 2239 frustra
846 2172 983 2256 qnaeris.
1002 2172 1280 2242 deomendatione
1292 2175 1373 2242 haec

275 2284 375 2348 habet
386 2282 582 2348 Diomedes:
604 2281 799 2347 ‘emendatio
813 2287 861 2347 est
876 2303 938 2366 qua
952 2283 1084 2368 singula
1100 2306 1159 2371 pro
1177 2292 1214 2348 ut
1228 2283 1300 2372 ipse
1318 2289 1372 2350 res'

274 2394 420 2485 postulat
437 2392 608 2478 dirigimus
631 2392 839 2458 aestimantes
861 2391 1088 2458 uniuersorum
1109 2395 1303 2481 scriptorum
1324 2394 1373 2458 di·

274 2523 405 2570 uersam
427 2502 623 2568 sententiam
647 2502 702 2567 nel
724 2501 922 2568 recorrentis
956 2524 1103 2568 errorum
1128 2503 1182 2592 qui
1205 2507 1266 2590 per'
1294 2503 1373 2569 sori-

275 2621 404 2700 pturam
423 2611 757 2677 dictionemuefiunt'.
780 2620 816 2676 ut
837 2612 979 2698 primum
1001 2611 1042 2677 de
1063 2613 1206 2679 secundo
1226 2613 1372 2678 membro

274 2720 400 2808 loquar,
421 2720 539 2786 mirum
561 2741 638 2784 sane
660 2730 719 2804 est,
742 2743 815 2785 oum
835 2721 869 2785 in
890 2729 957 2786 tota
977 2721 1038 2786 hao
1055 2720 1260 2807 expositione
1277 2720 1317 2786 de
1334 2743 1371 2786 ea

274 2837 390 2915 agatur
422 2829 647 2916 grammatica,
688 2852 768 2917 quae
803 2829 836 2894 in
870 2830 1021 2914 legendis
1051 2830 1369 2918 interpretandisque

276 2938 383 3027 poetis
406 2939 554 3023 uertitur,
578 2938 655 3025 quid
677 2939 738 3005 sibi
761 2939 814 3004 hic
835 2939 917 3004 uelit
940 2939 1048 3006 dictio.
1096 2939 1193 3006 dictio
1216 2940 1373 3008 Diomedi

275 3048 363 3114 idem
386 3057 434 3114 est
457 3049 544 3137 quo'd
567 3047 689 3130 λέξις,1)
715 3046 796 3122 λέξις
817 3057 926 3112 antem
947 3057 1002 3113 aut
1014 3049 1131 3114 uitiosa
1147 3058 1201 3114 aut
1214 3049 1297 3114 insta
1314 3043 1372 3132 esi,

277 3167 309 3224 et
331 3180 425 3222 error
445 3157 499 3242 qui
523 3180 582 3246 per
600 3157 776 3223 dictionem
788 3159 824 3224 fit
834 3158 869 3223 in
879 3157 963 3224 libro
975 3159 1096 3247 scripto
1114 3158 1200 3223 idem
1215 3168 1374 3247 astatque

275 3263 375 3350 isqui
398 3257 673 3353 perscriptorem
697 3265 743 3349 fit,
765 3265 828 3331 nisi
851 3288 917 3331 non
938 3266 1021 3353 aptis
1035 3267 1176 3354 scriptor
1188 3265 1290 3331 utitur
1302 3285 1373 3330 uer-

275 3373 336 3458 bis,
361 3395 442 3462 quae
466 3374 633 3460 corrigere
656 3398 722 3439 non
751 3373 839 3460 licet,
865 3397 907 3441 ne
936 3375 1126 3440 arbitrariae
1155 3375 1297 3442 rationes
1319 3397 1374 3443 un·

273 3482 365 3549 'leant
385 3492 418 3548 et
439 3483 634 3569 scriptorum
657 3483 838 3572 proprietas
864 3484 1084 3570 extinguatur.
1107 3492 1374 3572 quaredtoto'ooom

255 3609 258 3616 ’
276 3591 354 3656 ferri
374 3613 439 3656 non
462 3613 558 3679 posse
580 3593 731 3677 maleque
743 3594 896 3680 scriptam
909 3615 981 3659 esse
993 3617 1052 3680 pro
1069 3602 1224 3661 dictatione
1242 3615 1371 3677 censeo,

277 3702 364 3788 qnod
385 3703 581 3768 uocabulum
613 3703 700 3789 apud
730 3703 907 3791 scriptores
939 3703 1128 3788 posterioris
1163 3702 1275 3769 aetatis
1307 3725 1374 3770 non

275 3833 349 3881 raro
363 3811 506 3878 occurrit
517 3811 623 3897 (Paul.
639 3812 758 3898 digest.
781 3811 1063 3896 XXVIIII'IAO.
1085 3813 1279 3897 Hieronym.
1297 3813 1371 3878 adn.

282 3992 293 3998 ..
306 3993 391 4000 ...-..,
398 3993 478 3998 ——-

374 4095 402 4164 1)
417 4093 509 4150 Diom.
517 4113 544 4165 p.
551 4094 613 4164 436,
622 4095 668 4151 1οὲ
688 4095 784 4150 ‘dictio
801 4099 845 4150 cst
862 4112 919 4150 uox
936 4095 1085 4151 articulata
1103 4113 1167 4152 cum
1183 4096 1373 4168 aliquasigni·

274 4189 413 4258 ficatione‚
426 4207 461 4245 ex
471 4207 526 4260 qua
534 4189 684 4245 instruitur
694 4189 784 4245 oratio
795 4195 823 4246 et
832 4190 862 4246 in
876 4207 959 4260 quam
970 4191 1134 4262 resoluitnr3
1153 4192 1199 4248 uel
1208 4191 1263 4247 sie:
1283 4191 1372 4248 dictio

274 4295 318 4345 est
341 4307 376 4344 ex
396 4290 509 4360 syllabis
533 4289 612 4346 finita
638 4309 702 4348 curn
723 4289 927 4362 significatione
949 4295 1028 4347 certa
1052 4292 1166 4361 locutio,
1193 4297 1224 4347 ut
1243 4295 1286 4347 est
1305 4291 1368 4348 dico

273 4381 362 4444 facio.
