3152 5142
760 442 777 500 b

174 695 177 702 Ι
215 625 327 706 petere
364 621 484 706 potuit,
523 619 601 684 licet
636 620 824 707 Tryphonis
863 622 983 707 scripta
1022 621 1056 687 in
1088 643 1182 686 usum
1220 645 1313 688 suum

215 728 422 812 conuerterit,
446 729 532 814 quod
553 751 660 818 neque
682 729 846 795 adfirmari
867 752 929 795 nee
954 731 1069 817 negari
1091 739 1207 818 potest.

315 837 454 903 Prorsus
471 838 600 904 diuersa
619 838 744 904 ratione
767 841 899 905 stoici
915 840 950 906 in
962 840 1183 928 grammaticis
1196 839 1312 906 studiis

214 947 430 1012 uersabantur
450 946 505 1031 (cf.
531 948 557 1012 I.
575 946 713 1014 Classen
736 949 777 1014 de
802 970 941 1035 gramm.
964 971 1015 1033 gr.
1037 949 1193 1035 primord.
1219 971 1251 1036 p.
1274 951 1313 1014 72

215 1077 262 1142 sq.
272 1056 312 1122 R.
336 1054 487 1122 Schmidt
508 1057 682 1121 stoicorum
695 1080 832 1144 gramm.
865 1057 903 1126 O.
916 1058 1029 1123 Prantl
1050 1059 1163 1144 gesch.
1176 1059 1206 1124 d.
1218 1058 1312 1143 logik

214 1167 232 1230 I
252 1187 284 1252 p.
298 1166 362 1230 414
372 1187 419 1250 sq.
440 1164 497 1230 H.
511 1164 675 1234 Steinthal
696 1167 809 1252 gesch.
825 1165 855 1230 d.
869 1167 1027 1253 sprachw.
1039 1167 1071 1231 b.
1084 1167 1114 1233 d.
1129 1166 1264 1235 Griech.
1279 1191 1312 1234 u.

214 1276 326 1342 Roem.
339 1299 370 1363 p.
382 1275 444 1340 ata
455 1278 531 1361 sq.),
557 1274 678 1364 quippe
700 1276 755 1364 qui
770 1297 788 1340 a
803 1276 1009 1364 philosophia
1025 1277 1165 1364 profecti
1184 1277 1313 1341 uniuer-

214 1407 281 1450 sam
304 1385 388 1449 hane
410 1385 612 1473 disciplinam
637 1384 679 1450 ad
702 1385 905 1450 dialecticam
928 1387 1100 1469 referrent,
1122 1385 1312 1474 idcircoque

214 1495 413 1582 aprincipio
444 1493 485 1559 ad
511 1496 604 1581 leges
634 1497 808 1582 generales
841 1519 924 1584 quae
952 1497 993 1562 de
1021 1497 1134 1584 lingua
1163 1498 1312 1562 ualerent

213 1605 356 1669 animum
379 1603 597 1668 intenderent.
631 1603 802 1670 dialectica
831 1605 877 1669 eis
900 1604 1078 1671 seeundum
1098 1605 1311 1672 Posidonium

213 1711 370 1792 ἐπιστήμη
396 1711 526 1794 ἀληθῶν
548 1711 755 1790 antecelluit
778 1712 833 1774 καὶ
859 1711 1034 1793 οὐδετέρων
1064 1713 1186 1798 (Laert.
1212 1714 1311 1802 Diog.

213 1821 347 1908 VIIea)
369 1832 436 1886 erat
459 1821 566 1907 itaque
590 1821 781 1909 praecipuas
802 1843 932 1912 quoque
954 1822 1187 1908 grammaticae
1204 1833 1313 1912 partes

215 1933 448 2019 etymologiam
461 1932 695 2027 declinationes
710 1932 876 2016 syntaxin,
898 1954 972 1996 cum
988 1931 1134 2017 linguam
1148 1942 1314 2018 tamquam

215 2041 392 2107 subsidium
426 2042 623 2129 cognitionis
645 2042 814 2127 haberent,
841 2042 1056 2131 explorabant
1090 2050 1247 2130 quatenus
1271 2043 1313 2110 ad

213 2161 329 2215 uerum
359 2152 606 2239 percipiendum
636 2159 831 2239 spectarent.
866 2150 957 2238 loqui
984 2171 1063 2237 ergo
1096 2173 1171 2216 eum
1198 2148 1232 2212 τὸ
1257 2149 1314 2233 τὴν

212 2262 269 2322 τοῦ
296 2259 470 2339 νοουμένου
502 2259 687 2342 πράγματος
718 2256 913 2340 σημαντικὴν
943 2255 1169 2341 προφέρεσθαι
1201 2257 1311 2343 φωνὴν

214 2370 322 2454 (Sext.
343 2369 438 2459 Emp.
461 2370 533 2435 adu.
555 2370 652 2435 math.
665 2369 752 2436 VIII
764 2370 805 2435 80
826 2369 866 2436 of.
889 2368 1068 2455 Augustini
1087 2369 1188 2434 uerba
1209 2369 1313 2457 princ.

213 2479 286 2545 dial.
299 2479 330 2543 V
355 2487 435 2560 toqui
455 2491 497 2545 est
519 2472 678 2546 articulato
699 2503 769 2546 uoce
789 2487 904 2561 emnam
925 2482 1011 2559 dare)
1022 2479 1221 2566 acciperent,
1235 2479 1314 2544 inde

215 2589 431 2654 consecuntur
465 2609 546 2674 quae
577 2587 617 2653 de
650 2589 849 2676 etymologia
879 2588 936 2672 (cf.
962 2587 1056 2675 Orig.
1087 2596 1199 2654 contra
1224 2587 1312 2655 Cels.

213 2698 296 2780 124)
312 2708 357 2762 et
378 2699 547 2781 anomalia,
571 2699 622 2763 cui
645 2698 932 2787 patrocinabantur
954 2698 1063 2781 (Varr.
1085 2697 1126 2762 de
1149 2697 1310 2764 l.l.lX1

213 2829 244 2894 p.
260 2805 336 2890 456)
362 2807 529 2873 docebant.
556 2808 718 2896 syntaxin²
750 2807 807 2872 illa
831 2807 1019 2872 dialecticae
1054 2829 1127 2872 eum
1149 2829 1311 2894 gramma-

213 2916 278 2981 tica
301 2916 528 2982 coniunctione
550 2918 666 3006 posita,
688 2928 755 2983 tam
776 2927 844 2982 arte
870 2941 944 2982 cum
966 2917 1148 3006 praeceptis
1172 2918 1213 2982 de
1231 2917 1312 2982 iudi·

212 3025 272 3091 'ciis
295 3035 327 3090 et
348 3026 612 3093 conclusionibus
639 3027 720 3092 datis
742 3027 993 3112 coniunxerunt,
1023 3035 1059 3092 ut
1085 3027 1211 3092 nullum
1241 3029 1311 3092 lere

212 3135 298 3200 inter
320 3147 492 3221 utramque
515 3135 690 3202 discrimen
713 3147 883 3202 seruarent
903 3137 957 3223 (ef.
973 3137 1088 3202 Prantl
1108 3139 1130 3203 l.
1142 3136 1164 3202 l.
1179 3157 1210 3223 p.
1224 3137 1311 3218 442).

214 3250 339 3316 duobus
362 3249 524 3338 prioribus
545 3274 633 3316 nunc
654 3251 770 3334 missis,
794 3251 834 3316 de
859 3251 973 3340 quibus
1004 3251 1067 3315 uiri
1099 3249 1186 3316 docti
1216 3273 1314 3339 snpra

211 3359 335 3424 laudati
357 3360 442 3442 bene
466 3369 656 3425 meruerunt
686 3371 718 3426 et
751 3361 830 3426 mihi
857 3360 911 3426 hic
940 3361 1009 3426 illic
1032 3360 1116 3424 iufra
1139 3359 1313 3425 dicendum

213 3475 273 3550 est,
302 3467 493 3534 breuissime
524 3478 700 3556 syntaxeos
726 3469 920 3536 diuisionem
945 3470 980 3534 in
1011 3469 1125 3556 primis
1147 3469 1313 3534 Laertium

212 3577 399 3664 Diogenem
432 3588 559 3644 secutus
592 3579 674 3661 (VII
697 3579 737 3645 55
760 3581 822 3667 sq.)
855 3601 1052 3668 percurram.
1084 3599 1162 3668 prae
1194 3578 1312 3644 ceteris

213 3696 321 3752 autem
343 3688 378 3753 in
400 3688 462 3752 hae
484 3709 521 3752 re
541 3689 695 3753 excelluit
727 3687 932 3777 Chrysippus
956 3689 1063 3754 ‘homo
1087 3688 1313 3773 acutissimus,

214 3797 307 3862 cuius
337 3796 540 3866 dialecticam
573 3799 707 3886 dignam
743 3821 824 3884 quae
858 3799 996 3864 deorum
1030 3808 1116 3864 esset
1148 3798 1312 3885 putabant.

213 3905 353 3972 mirabili
375 3907 528 3972 nimirum
551 3931 628 3976 usus
652 3909 847 3976 adsiduitate
869 3910 923 3973 uel
944 3910 1052 3995 potius
1073 3907 1313 3974 insatiabilitate

214 4009 378 4082 scribendi
399 4018 472 4103 plus
494 4017 650 4083 trecentis
672 4018 773 4102 libris,
797 4042 936 4106 quorum
947 4019 1092 4084 indicem
1105 4017 1191 4105 apud
1204 4017 1312 4083 Laert.

213 4124 313 4211 Diog.
336 4125 486 4192 V11189
508 4150 556 4214 sq.
578 4126 688 4211 habes,
719 4127 867 4214 singulos
891 4127 981 4192 locos
1003 4128 1102 4192 solius
1128 4127 1313 4192 dialecticae

212 4233 409 4317 inlustrauit,
440 4255 578 4320 quorum
598 4237 757 4322 plurimos
789 4259 831 4302 ne
863 4236 968 4302 dicam
992 4257 1114 4319 omnes,
1148 4259 1220 4302 curn
1245 4244 1312 4302 tota

214 4343 295 4408 haee
331 4343 500 4410 dialectica
536 4368 553 4411 e
585 4347 802 4434 grammaticis
834 4347 1013 4413 rationibus
1045 4348 1216 4437 penderet,
1246 4371 1313 4414 non

258 4670 269 4702 h
