3126 5146
681 644 784 717 XXII

144 798 182 861 34
279 801 370 869 Rure
394 803 481 873 ueni.
765 877 769 886 ,

675 967 797 1040 XXIII

143 1121 202 1210 35Υ
281 1123 452 1211 ingluuies
478 1133 553 1193 sunl
575 1125 639 1192 tori
662 1125 749 1193 eires
771 1127 883 1216 gulam
906 1125 961 1218 qui
981 1131 1118 1218 propter
1139 1127 1278 1217 pingue·

151 1225 292 1296 edincm
315 1232 399 1299 fiunt
420 1242 518 1320 utque
540 1229 726 1301 interiectas
748 1235 871 1302 habent
891 1259 1002 1324 rugus.

650 1449 802 1520 XXIIII

143 1612 180 1680 36
280 1580 475 1702 (oliuoiioooo)
512 1609 557 1684 M.
583 1609 690 1684 varro
722 1611 801 1683 alius
833 1611 961 1702 profata
990 1610 1071 1686 alies
1102 1613 1277 1704 proloquio

313 1727 336 1784 t.

181 1719 443 1902 appelliffsrro
467 1828 508 1897 de
530 1829 645 1918 lingua
665 1829 767 1899 letina
795 1829 836 1894 ad
864 1827 1061 1905 Ciceronem.
1090 1838 1205 1918 quarto
1228 1830 1276 1902 ui·

134 1944 169 2000 10
181 1938 302 2012 oesimo
325 1937 569 2028 expeditissime
592 1938 637 2009 its
657 1937 745 2010 finitz
766 1937 977 2028 proloquium
999 1939 1277 2015 ostentantium

181 2070 245 2139 qus
265 2047 348 2120 nihil
371 2047 585 2120 desideratur.
629 2045 701 2120 Eril
721 2057 829 2116 sutem
851 2045 979 2136 plenius
1005 2048 1085 2141 quid
1113 2049 1201 2123 istud
1223 2050 1275 2137 sil,

179 2275 236 2335 gua
261 2257 350 2342 lulius
376 2259 451 2316 libro
482 2257 587 2318 XVIII:
613 2259 745 2338 quibus
770 2278 833 2316 nos
851 2301 858 2315 .
878 2300 885 2315 .
904 2301 911 2316 .
931 2259 1278 2326 indiscriminatim,

178 2345 328 2402 promssce.

280 2428 322 2480 34.
343 2405 427 2480 Ghuri
443 2443 471 2496 p.
489 2428 548 2493 142,
567 2430 614 2483 18:
632 2428 709 2483 Rure
728 2427 876 2483 Terentius
895 2426 925 2480 in
941 2426 1080 2481 Eunucho
1098 2426 1171 2497 (¹¹5⁹
1188 2427 1216 2498 1)
1236 2433 1280 2483 ‘ex

179 2514 242 2558 meo
260 2514 314 2572 pro
334 2497 419 2578 inquo
438 2515 505 2555 rurs
523 2499 577 2558 hoo
595 2501 676 2574 cupio
697 2499 855 2562 commodi.
872 2499 969 2572 iisque
987 2502 1017 2556 ei
1033 2498 1126 2562 Vero
1144 2499 1181 2556 ad
1202 2499 1278 2562 cios-

178 2587 278 2632 ronem
392 2589 475 2625 rure
493 2574 584 2626 ueni.
622 2579 657 2643 cs.
674 2572 709 2626 fr.
730 2575 772 2628 19.
951 2575 958 2590 ’

278 2665 321 2720 35.
339 2663 464 2736 Philsrg.
484 2665 520 2720 ed
537 2665 622 2742 Verg.
641 2685 739 2738 georg.
758 2665 878 2722 111433:
897 2665 988 2722 Varro
1007 2663 1044 2720 ud
1063 2663 1228 2721 Ciceronem
1249 2665 1279 2722 in

178 2733 252 2794 libro
274 2737 382 2800 XXIII:
407 2738 593 2808 ingluuies
617 2739 710 2810 inquit
733 2742 818 2796 sunl
837 2780 844 2792 .
865 2779 872 2793 .
891 2778 899 2793 .
917 2738 1053 2794 hebeni
1073 2755 1192 2809 rugas.
1228 2739 1279 2796 sod

177 2825 252 2861 nune
268 2827 322 2878 pro
340 2809 407 2884 gula
425 2811 558 2884 positum.
620 2843 625 2852 ·

278 2907 321 2964 36.
350 2903 420 2961 Gell.
435 2903 499 2960 XVI
512 2910 542 2961 8:
573 2906 643 2961 Cum
661 2906 691 2961 in
714 2905 877 2976 disciplinas
901 2905 1063 2960 dialeclices
1081 2902 1177 2958 induci
1194 2905 1278 2974 siquo

178 2974 266 3031 imbui
285 2977 430 3042 uellemus,
459 2995 592 3034 necessus
615 2977 670 3033 full
692 2975 771 3034 edire
796 2982 880 3048 elque
899 2991 1069 3048 cognoscere
1087 2993 1155 3046 ques
1173 2979 1277 3030 uoosnl

178 3046 319 3102 dialectici
331 3043 493 3120 εἰσαγωγάς.
513 3053 583 3116 ium,
604 3051 669 3120 quia
688 3049 827 3120 inprime
845 3052 908 3120 περὶ
925 3043 1086 3121 ἀξιωμάτων
1103 3047 1276 3113 discendum,

197 3137 249 3172 uae
266 3119 304 3173 M.
324 3120 437 3175 Varro
461 3162 467 3175 .
487 3163 494 3176 .
516 3163 522 3175 ,
543 3122 722 3194 appellet,
751 3121 984 3180 commentarium
1010 3119 1045 3174 de
1070 3119 1227 3190 proloquiis
1244 3119 1277 3180 n

178 3137 252 3246 leni
269 3188 347 3246 decli
364 3191 493 3258 homims,
514 3209 561 3276 qm
579 3197 715 3266 magister
724 3191 858 3248 Varronis
872 3193 934 3258 full,
949 3191 1075 3249 studiose
1089 3191 1277 3266 quaesiuimus

177 3279 295 3336 eumque
313 3261 343 3319 in
361 3263 443 3318 Pacis
461 3263 635 3320 bibliotheca
646 3269 792 3336 repertum
808 3265 937 3336 legimus.
958 3264 1054 3320 sedin
1075 3281 1107 3322 eo
1126 3263 1198 3317 nihil
1212 3263 1277 3317 edo·

177 3337 274 3390 center
290 3352 381 3404 neque
401 3336 438 3389 ud
455 3335 661 3394 instituendum
678 3338 827 3410 explanate
846 3339 983 3408 scriplum
1000 3339 1051 3400 esi,
1069 3335 1224 3408 fecisseque
1238 3335 1277 3388 ui·

177 3403 261 3458 delur
280 3423 344 3462 eum
362 3406 466 3461 librum
484 3409 582 3462 Aelius
603 3409 647 3462 sui
663 3408 753 3482 magis
771 3409 949 3472 admonendi,
978 3425 1061 3478 quam
1084 3406 1204 3462 aliorum
1229 3407 1277 3465 do·

176 3477 258 3530 cendi
272 3479 374 3548 gralia.
395 3477 519 3533 redimus
539 3479 803 3564 igilur‘neeesserio
823 3481 858 3534 sd
876 3495 994 3550 graecos
1013 3479 1102 3534 libros
1121 3495 1155 3532 ex
1175 3479 1276 3547 quibus

176 3549 334 3618 accepimus
355 3546 462 3622 ἀξίωμα
479 3569 540 3606 esse
559 3551 603 3605 his
624 3551 734 3606 uerbis:
755 3552 849 3607 λεκτὸν
868 3548 1007 3610 αὐτοτελὲς
1024 3545 1191 3622 &adipemur
1207 3546 1277 3605 ὅσον

176 3619 222 3690 ἐφ’
242 3617 321 3690 αὐτῷ..
340 3621 393 3682 hoe
413 3640 465 3692 ego
486 3622 633 3694 supersedi
649 3627 772 3690 uertere,
792 3624 858 3694 quis
876 3624 957 3681 nouis
980 3626 1009 3676 et
1028 3621 1179 3686 inconditis
1200 3624 1274 3675 uoci·

174 3692 227 3747 bus
244 3693 382 3749 utendum
400 3692 462 3760 fuit,
482 3713 550 3768 quas
569 3696 631 3765 pali
650 3712 732 3752 eures
749 3713 801 3766 per
817 3695 996 3750 insolentiam
1013 3695 1062 3748 uix
1081 3695 1206 3772 possent.
1227 3694 1277 3753 sed

275 3870 295 3928 4
316 3869 462 3945 ingluuies
484 3870 582 3948 inquil
606 3874 676 3932 sunl
696 3871 756 3935 lori
773 3873 898 3933 Vrsinus
912 3871 1025 3938 Daniel
1045 3869 1192 3950 ingluuios
1214 3872 1275 3934 lori

174 3952 273 4030 inquil
293 3957 363 4012 sunl
377 3955 456 4016 Idolo
469 3955 517 4024 117
539 3954 618 4017 Gelli
639 3957 751 4019 codices
771 3958 913 4018 librorum
931 3953 1145 4024 unzi-XX
1169 3959 1275 4032 quibos

174 4055 245 4096 usus
264 4055 329 4098 sum
349 4043 417 4098 suot
436 4039 485 4100 li:
512 4039 578 4098 V=
596 4041 658 4102 eod.
683 4039 783 4120 Lupol.
805 4041 885 4100 Voss.
910 4040 979 4100 F.7
997 4058 1072 4104 suec.
1094 4039 1157 4112 sere
1183 4039 1278 4102 XIII

173 4119 269 4180 lodice
297 4121 431 4182 Marlloo
454 4123 548 4182 Horis
578 4123 638 4182 ber.
666 4125 695 4182 cl.
722 4125 793 4184 herl.
815 4126 899 4184 oeae.
928 4127 1008 4184 1847
1036 4143 1066 4198 p.
1085 4125 1155 4194 412,
1191 4143 1275 4198 quem

173 4207 237 4277 lpse
257 4205 367 4265 contuli
387 4206 418 4264 1>
429 4234 457 4262 su
469 4208 532 4266 ancli
555 4207 654 4280 Dupd.
674 4208 754 4268 Voss
771 4209 809 4267 F.
823 4212 885 4268 112
904 4227 979 4268 saco.
993 4207 1023 4266 X
1044 4209 1140 4270 iudico
1152 4205 1274 4268 Hortalo

174 4291 257 4348 eolus
279 4289 414 4350 lectiones
425 4291 578 4352 Lusum
588 4291 718 4350 Mueller
737 4309 848 4352 mamm
867 4293 1089 4354 coonmuooiouuil
1102 4291 1150 4362 119
1172 4291 1210 4352 ad
1229 4311 1275 4359 oe

173 4391 274 4433 runem
297 4373 481 4443 LllXXIlll
502 4375 560 4444 Lll
576 4379 611 4436 11
636 4374 727 4434 nichil
756 4376 839 4446 VLll
959 4415 965 4433 .
