3152 5142
703 481 742 540 bb

179 655 246 738 (bie
268 655 346 740 cod.)
369 655 465 724 faeile
487 655 558 722 fieri
581 655 650 727 siue
664 655 792 739 medie,
810 667 959 738 ‘eamque
980 663 1111 721 eentum
1133 654 1275 740 plerum·

176 786 240 850 que
265 783 336 832 esso
355 763 463 852 potius
486 787 582 852 quam
604 785 752 850 grauem,
774 763 862 851 quod
883 784 923 828 ea
946 761 1078 850 propius
1101 772 1272 850 utramque

176 883 234 957 est,
259 897 362 970 'quem
391 874 448 940 illa
473 873 621 961 superior
652 883 684 938 ot
715 873 851 940 inferior
880 871 966 938 inter
999 872 1054 940 se’.
1097 871 1271 959 inquibus

174 985 275 1050 uerba
297 1007 416 1064 eumque
433 994 549 1055 aretam
570 990 743 1064 pleramque
765 990 1055 1061 neapoteponta
1078 991 1276 1064 erubeseunt

174 1092 320 1160 tollendo
341 1102 417 1160 suut
439 1100 494 1158 aut
516 1091 720 1177 corrigenda,
740 1112 822 1175 quae
844 1099 876 1154 et
895 1090 930 1156 in
948 1090 1161 1174 sequentibus
1182 1105 1272 1176 pror2

175 1223 227 1266 sus
260 1203 483 1288 negleguntur
516 1211 549 1268 et
581 1223 641 1290 per
671 1223 707 1268 se
732 1200 843 1288 inepte
869 1209 955 1282 sunt,
987 1222 1062 1266 num
1086 1198 1273 1288 prosodiam

174 1309 345 1395 quandem,
368 1332 450 1395 quae
472 1311 665 1397 plerumque
687 1318 782 1372 acuta
803 1308 969 1382 interdum
991 1306 1102 1394 grauis
1127 1317 1187 1392 est,
1217 1327 1273 1394 pe·

176 1419 334 1484 euliarem
366 1441 444 1484 sane
472 1441 566 1484 nemo
597 1418 726 1484 dixerit.
753 1419 857 1483 aerius
890 1419 998 1484 locum
1026 1417 1164 1483 intuenti
1196 1427 1228 1480 et
1255 1441 1274 1481 a

176 1528 288 1594 uerbis
311 1537 389 1610 quod
403 1553 436 1594 ee
457 1538 583 1610 propius
604 1510 756 1610 utrumque
772 1539 813 1594 eet
823 1527 1042 1616 proficiscenti
1058 1549 1125 1592 non
1140 1525 1274 1592 dubium

174 1638 233 1702 tibi
255 1636 421 1704 uidebitur
445 1636 480 1702 in
504 1635 702 1710 uerbisillis
726 1624 884 1723 suspeetis
917 1635 1041 1720 aliquid
1072 1635 1113 1699 de
1136 1635 1275 1700 transitu

172 1757 288 1812 ecutae
313 1755 344 1812 et
364 1744 474 1832 grauis
496 1744 538 1810 ad
559 1743 701 1808 mediam
731 1754 766 1808 ut
795 1765 876 1829 quae
907 1745 1037 1829 utrique
1066 1743 1200 1831 propior
1232 1743 1274 1809 sit

174 1856 296 1920 dietum
317 1855 417 1921 fuisse
441 1864 473 1920 et
498 1855 562 1920 tale
587 1853 664 1942 quid
684 1854 852 1920 contextui
868 1852 1088 1920 necessarium
1111 1875 1193 1920 esse.
1215 1875 1272 1940 pu·

173 1967 281 2030 tubam
301 1965 403 2050 igitur
420 1988 538 2044 eamque
560 1947 662 2030 erutor
683 1969 855 2042 plerumque
876 1971 978 2028 coiisse
998 1971 1099 2042 potius
1129 1961 1273 2028 seriben-

175 2074 254 2138 dum
277 2093 360 2157 esse,
382 2072 440 2137 sed
466 2093 536 2136 oum
558 2074 739 2159 perfeetum
763 2090 921 2158 nusquam
942 2071 976 2134 iu
990 2070 1051 2134 hae
1068 2071 1273 2155 expositione

178 2192 364 2269 conpareat,
385 2191 451 2246 tam
471 2181 537 2245 leni
555 2181 700 2245 remedio
715 2203 779 2244 non
792 2177 1013 2266 defungimur,
1036 2179 1094 2245 sed
1106 2180 1272 2264 eliquanto

172 2291 308 2358 liberius
329 2287 576 2378 procedendum
604 2283 705 2354 etsie
730 2292 799 2354 fere
824 2288 1028 2355 scribendum
1056 2299 1122 2372 est:
1154 2315 1273 2371 eumque

173 2413 274 2468 ecutae
297 2411 478 2494 enutrientem
495 2407 670 2482 plerumque
692 2425 751 2466 esse
771 2409 880 2482 potine,
912 2422 974 2488 qua
1003 2397 1127 2463 ratione
1156 2397 1182 2463 si
1207 2420 1273 2464 non

172 2512 273 2576 uerba
304 2519 392 2578 certe
420 2510 614 2576 sententiam
643 2510 812 2598 scriptoris
834 2517 1058 2597 recuperatam
1090 2529 1162 2572 esse
1193 2508 1273 2574 mihi

173 2631 222 2688 est
245 2642 445 2706 persuasum.
479 2643 580 2685 unum
601 2619 732 2706 quidem
754 2628 864 2686 restet.
903 2619 944 2682 de
974 2628 1066 2684 acute
1090 2618 1160 2684 sola
1182 2616 1269 2682 enim

173 2730 304 2814 dieitur,
327 2730 474 2814 quemuis
498 2730 772 2814 exsequentibus
796 2737 875 2808 qaod
900 2754 934 2794 eu
961 2737 1090 2808 propius
1120 2737 1274 2808 atramque

173 2850 216 2906 est
235 2839 312 2903 setis
330 2839 458 2904 eluceat
471 2839 600 2923 utrique
616 2838 789 2927 prosodiae
803 2855 876 2903 eam
887 2837 1074 2926 propiorem
1090 2857 1271 2921 essequam

173 2948 267 3013 alteri
289 2957 414 3012 acutam
439 2947 533 3012 altori
553 2969 701 3032 grauem.
739 2948 798 3012 sed
820 2948 881 3012 hoe
904 2947 1075 3034 quominus
1098 2971 1116 3011 a
1138 2945 1271 3010 librario

173 3068 345 3144 peceatum
366 3057 511 3143 mihique
533 3057 712 3122 sanandum
738 3039 854 3121 ducam
871 3055 1074 3142 excerptoris
1095 3055 1273 3142 prohibeor

142 3209 147 3216 »
174 3165 331 3250 socordia,
353 3167 408 3254 qui
430 3190 508 3232 num
530 3167 611 3231 haee
631 3165 788 3254 religiose
822 3174 858 3229 ut
889 3164 1000 3231 debuit
1030 3163 1195 3231 rettulerit
1219 3163 1274 3228 uel

172 3267 306 3342 'omnino
330 3276 532 3342 intellexerit
552 3276 649 3342 ualde
673 3277 794 3343 dubito.
816 3275 974 3340 Varronis
995 3286 1103 3342 eutem
1131 3275 1273 3362 disputa·

172 3365 296 3454 tionem
316 3386 401 3453 bene
421 3386 522 3452 fuisse
545 3385 647 3470 uides,
672 3385 874 3452 eunt-media
891 3384 1045 3472 prosodia
1061 3395 1091 3449 et
1107 3395 1221 3448 acutae
1242 3391 1275 3446 et

174 3496 269 3582 graui
291 3495 426 3582 propior
448 3494 500 3579 sit,
522 3518 617 3580 quem
640 3517 723 3580 quae
736 3497 867 3582 utrique
882 3505 932 3560 est
947 3493 1118 3577 contrarie,
1138 3494 1172 3560 in
1186 3495 1273 3560 flexu

175 3605 329 3694 prosodia
347 3611 471 3671 uoeern'
486 3605 681 3693 plerumque
713 3626 778 3668 non
803 3625 957 3688 magnum
988 3603 1080 3666 illum
1100 3602 1272 3667 transitum

175 3718 212 3781 ab
235 3725 329 3780 aeuta
349 3715 388 3779 ed
411 3735 557 3799 grunem,
578 3738 597 3778 a
618 3714 711 3800 graui
733 3713 773 3778 ad
795 3722 925 3778 acutam
949 3711 1070 3795 faeere,
1102 3713 1161 3776 sed
1184 3712 1271 3778 hune

73 3894 76 3904 ,
175 3825 333 3890 minorem
357 3826 396 3890 ab
416 3831 509 3888 acuta
529 3823 570 3888 ad
593 3823 745 3907 mediam,
769 3847 787 3887 a
809 3821 915 3886 media
931 3819 972 3886 ad
986 3843 1122 3906 grauem
1132 3822 1166 3901 ¹).
1190 3841 1271 3905 quae

276 4092 408 4156 1)·Reete
429 4093 458 4144 P.
469 4091 583 4160 Langen
601 4091 631 4145 in
652 4091 826 4146 Fleckeiseni
844 4092 935 4144 ennel.
956 4089 1026 4143 1859
1046 4108 1072 4157 p.
1087 4088 1122 4142 49
1143 4087 1187 4150 (ef.
1208 4105 1273 4140 eun-

177 4189 238 4244 dum
260 4190 296 4242 de
314 4207 429 4258 gramm.
450 4191 498 4243 lat.
517 4190 675 4258 praeseptis
700 4207 768 4257 queo
795 4189 830 4242 ad
849 4191 995 4240 aeeontum
1013 4188 1142 4254 spectant
1158 4180 1187 4251 p.
1203 4185 1219 4236 6
1233 4201 1273 4249 sq.

177 4285 327 4339 Lueianum
346 4285 566 4361 Muellerumude
585 4305 616 4340 re
634 4290 715 4339 metr.
734 4289 808 4354 poet.
827 4285 875 4337 let.
894 4301 923 4352 p.
932 4281 994 4350 373)
1013 4282 1088 4336 hune
1104 4282 1198 4334 loeum
1215 4296 1275 4334 eor·

177 4385 288 4451 ruptum
306 4392 366 4436 esso
385 4380 464 4450 uidit,
485 4381 532 4436 sed
551 4395 586 4435 ex
603 4377 707 4450 ineptis
725 4377 818 4434 uerbis
831 4379 927 4448 inepta
940 4375 1080 4448 eerrligere
1093 4387 1174 4447 quam
1185 4389 1274 4430 emen·
