3140 5148
723 463 783 524 aba

210 644 458 732 ardoribusque
489 642 641 708 dicuntur
672 648 835 728 exparte
863 637 996 706 maiore.
1038 639 1108 706 eiua
1131 640 1308 728 praecipua

211 753 319 820 officia
338 761 414 818 sunt
433 760 585 837 quattuor
610 757 648 814 ut
663 748 727 837 ipsi
747 747 871 835 placet:
893 749 1036 815 seribere
1055 749 1170 834 legere
1181 748 1307 818 intelle·

211 881 292 950 gere
314 862 464 950 probare.

176 1081 215 1143 92
298 1048 419 1136 audiri
438 1065 620 1134 absentium
641 1065 745 1132 uerba
765 1087 833 1131 non
853 1073 1015 1155 poterant.
1045 1087 1125 1152 ergo
1147 1067 1205 1132 illa
1227 1067 1309 1133 ratio

182 1192 200 1248 ὅ
211 1179 341 1266 peperit
361 1177 496 1261 litteras,
506 1177 625 1242 notatis
639 1175 788 1262 omnibus
805 1175 870 1240 oris
891 1199 928 1242 ac
948 1175 1082 1262 linguae
1104 1175 1190 1243 sonis
1213 1185 1310 1262 atque

211 1287 373 1355 discretis.
416 1285 497 1352 nihil
524 1294 634 1351 autem
658 1285 777 1350 <horum
804 1284 912 1350 facere
934 1293 1064 1372 poterat
1085 1283 1112 1350 si
1133 1283 1319 1350 multitudo

212 1419 323 1464 rerum
344 1395 413 1462 sine
437 1393 577 1484 quodam
600 1391 707 1458 defixo
730 1392 869 1460 termino
898 1393 1025 1460 infinite
1047 1401 1160 1481 patere
1181 1393 1311 1460 uidere-

213 1515 275 1573 tur.
314 1527 395 1592 ergo
419 1503 542 1568 utilitas
566 1502 761 1568 numerandi
787 1525 906 1590 magna
938 1503 1132 1569 necessitate
1165 1503 1310 1569 animad-

217 1769 305 1827 gere
320 1754 486 1824 probare.
522 1752 612 1807 Diem.
631 1751 730 1820 p.426,
742 1753 790 1807 18:
810 1755 871 1808 tota
887 1751 1070 1824 grammatica
1089 1751 1219 1806 consistit
1236 1769 1316 1822 prae·

216 1825 299 1896 cipue
318 1823 464 1878 intellectu
481 1827 627 1892 poetarum
640 1829 669 1878 et
688 1824 856 1892 scriptorum
875 1829 905 1878 et
922 1824 1102 1877 historiarum
1123 1825 1254 1893 prompte
1270 1841 1316 1878 ex·

166 1897 170 1902 “
216 1895 362 1966 positione·
381 1901 411 1948 et
433 1895 464 1949 in
481 1899 559 1950 recte
577 1895 709 1963 loquendi
726 1895 920 1963 scribendique
938 1895 1056 1948 ratione.
1075 1899 1110 1963 ef.
1121 1893 1200 1949 Seru.
1219 1895 1250 1949 in
1260 1895 1316 1949 Do-

216 1971 273 2021 nat.
292 1985 320 2036 p.
332 1966 384 2020 512
394 1965 476 2019 Endl.
496 1965 580 2018 Mart.
601 1966 780 2035 CapllI230
799 1984 817 2034 p
834 1967 867 2020 51
879 1967 939 2020 Gn:
958 1965 1080 2020 officium
1099 1982 1192 2020 meum
1212 1971 1315 2038 (qram-
1381 1963 1386 1974 “

217 2043 318 2093 mattea
337 2040 467 2106 loquitur)
497 2039 565 2090 tune
583 2036 675 2091 suerat
700 2037 782 2090 docte
802 2038 925 2090 scribere
944 2035 1100 2106 legereque.
1136 2055 1210 2092 nune
1230 2038 1316 2092 etiam

217 2108 289 2164 illud
311 2107 438 2172 accessit,
465 2113 498 2162 ut
523 2124 615 2160 meum
643 2109 680 2161 sit
705 2108 813 2162 erudite
838 2107 1003 2176 intellegere
1021 2109 1204 2177 probareque.
1240 2109 1315 2163 Max,

217 2180 323 2235 Victor.
343 2198 370 2249 p.
379 2179 430 2233 271
441 2177 522 2233 Lind.
532 2196 559 2248 p.
571 2178 641 2232 1937
649 2179 694 2233 P.:
714 2180 896 2248 grammatica
914 2183 958 2234 est
976 2179 1093 2233 scientie
1111 2179 1318 2250 interpretandi

216 2256 314 2322 poetas
334 2256 363 2306 et
380 2254 456 2304 recte
475 2249 607 2318 loquendi
624 2250 818 2320 scribendique
837 2251 920 2316 ratio,
944 2249 1020 2304 dicta
1037 2246 1095 2304 ἀπὸ
1113 2252 1169 2305 τῶν
1185 2247 1317 2325 γραμμά-

217 2341 272 2378 των
290 2321 330 2391 [id
348 2325 391 2376 est
410 2322 445 2374 ab
463 2320 506 2374 bis
525 2320 638 2392 litteris]
658 2321 732 2375 unde
750 2322 875 2391 incipere
894 2322 986 2376 debet.

318 2417 360 2471 92.
396 2417 545 2486 Augustin.
567 2417 602 2470 de
623 2417 683 2470 ord.
694 2417 721 2470 II
736 2415 779 2484 12,
790 2415 833 2470 35.
852 2416 865 2468 I
882 2415 976 2485 p.415
995 2415 1037 2470 ed.
1057 2433 1152 2488 congr.
1172 2419 1199 2472 S.
1212 2417 1318 2472 Mauri:

218 2488 289 2542 illud
307 2487 382 2558 quod
402 2488 432 2542 in
449 2489 530 2542 nobis
547 2492 590 2542 est
607 2488 752 2555 rationale,
779 2487 809 2541 id
830 2491 872 2541 est
893 2487 967 2556 quod
991 2487 1101 2541 ratione
1119 2489 1209 2542 utitur
1228 2495 1258 2543 et
1276 2507 1319 2543 ra-

217 2560 365 2614 tionabilia
384 2559 429 2612 uel
446 2559 514 2614 facit
536 2559 582 2612 uel
605 2559 740 2627 sequitur,
768 2558 833 2626 quia
856 2559 978 2612 naturali
1005 2559 1125 2628 quodam
1150 2560 1262 2616 uinculo
1290 2561 1320 2614 in

219 2647 315 2684 eorum
335 2630 468 2685 societate
487 2630 707 2698 astringebatur,
730 2647 793 2683 cum
812 2629 911 2698 quibus
932 2629 974 2683 illi
996 2634 1057 2683 erat
1074 2631 1147 2684 ratio
1165 2631 1227 2700 ipsa
1247 2647 1320 2686 com·

219 2702 312 2754 munis
329 2719 382 2756 nec
407 2701 513 2754 homini
531 2701 613 2755 horno
634 2700 796 2754 firmissime
819 2700 921 2754 sociari
940 2706 1035 2770 posset
1058 2701 1113 2756 nisi
1131 2703 1321 2770 colloqueren-

219 2777 370 2841 iuratque
395 2773 435 2825 ita
462 2773 515 2828 sibi
537 2776 645 2825 mentes
674 2789 736 2826 suas
764 2771 1004 2842 cogitationesque
1031 2773 1112 2840 quasi
1130 2773 1321 2841 refunderent,

220 2844 294 2898 uidit
315 2861 375 2898 esse
396 2844 565 2912 imponenda
583 2844 667 2896 rebus
685 2843 824 2896 uocabula
848 2842 878 2896 id
907 2848 949 2897 est
974 2841 1163 2910 significantes
1186 2845 1321 2913 quosdam

222 2931 314 2981 sonos,
340 2919 373 2968 ut
392 2915 522 2984 quoniam
541 2915 645 2968 sentire
663 2915 771 2967 animos
791 2931 854 2968 suos
879 2930 936 2969 non
961 2918 1101 2984 poterant,
1128 2915 1164 2969 ad
1191 2933 1237 2970 eos
1266 2917 1321 2971 sibi

220 2985 390 3055 copulandos
410 3003 493 3039 sensu
512 2986 590 3054 quasi
608 2986 761 3054 interprete
780 2990 935 3039 uterentur.
979 2985 1028 3038 sed
1046 2985 1168 3039 audiri
1189 2987 1322 3041 absen-

219 3057 335 3110 tium.
356 3098 361 3110 .
382 3096 387 3108 .
407 3057 617 3126 praesentia
635 3057 766 3110 reoolo.
808 3073 957 3124 progressa
981 3055 1080 3110 deinde
1106 3057 1179 3111 ratio
1199 3057 1321 3112 animad-

220 3129 309 3182 uertit
332 3127 444 3182 eosdem
472 3128 528 3182 oris
556 3145 647 3194 senos,
678 3128 777 3197 quibus
805 3129 983 3195 loqueremur
1008 3132 1037 3181 et
1056 3137 1124 3196 quos
1142 3129 1245 3182 litteris
1266 3131 1322 3183 iam

221 3199 389 3268 signauerat,
420 3198 488 3252 alios
515 3215 575 3252 esse
599 3199 647 3267 qui
671 3199 818 3252 moderato
843 3198 920 3252 uarie
945 3199 1032 3266 hiatu,
1059 3199 1139 3268 quasi
1157 3200 1270 3255 enodati
1290 3217 1323 3256 ac

221 3270 362 3339 simplices
381 3267 585 3323 faucibus'sine
603 3271 659 3323 ulla
671 3271 814 3324 collisione
834 3269 997 3336 defluerent,
1007 3269 1075 3324 alios
1093 3270 1204 3325 diuerso
1223 3289 1323 3342 pressu

222 3340 279 3394 cris
296 3347 394 3394 tenere
412 3345 506 3394 tamen
524 3341 644 3409 aliquem
660 3345 916 3408 sonum‚extremos
935 3345 1027 3396 autem
1046 3341 1093 3410 qui
1109 3343 1164 3396 nisi
1183 3343 1323 3398 adiunctis

223 3411 277 3465 sibi
294 3411 392 3482 primis
410 3429 555 3480 erumpere
574 3430 632 3466 non
650 3413 782 3466 ualerent.
826 3413 921 3480 itaque
940 3411 1051 3466 litteras
1069 3412 1122 3466 hoc
1142 3413 1248 3482 ordine,
1268 3431 1322 3484 quc

221 3484 364 3552 expositae
392 3485 463 3540 sunti
488 3483 599 3536 uocales
626 3483 806 3538 semiuocales
835 3488 863 3537 et
893 3487 983 3536 mutas
1010 3483 1173 3538 nominauit.
1224 3484 1323 3539 deinde

223 3553 345 3622 syllabas
367 3555 488 3619 notauit,
517 3552 619 3607 deinde
647 3555 736 3608 uerba
759 3553 789 3606 in
816 3557 880 3607 octo
905 3571 1010 3624 genera
1032 3552 1193 3623 formasque
1213 3556 1242 3610 di
1263 3559 1324 3611 esta

222 3628 296 3690 sunt,
319 3625 463 3695 omnisque
481 3625 596 3678 illorum
615 3627 709 3680 motus
728 3625 879 3693 integritas
903 3625 1034 3678 iunctura
1053 3626 1146 3695 perite
1168 3574 1324 3682 subtiliter·

222 3713 277 3766 que
296 3696 431 3752 distincta
450 3700 523 3762 aunt,
545 3697 612 3750 inde
630 3697 688 3750 iam
704 3712 887 3750 numerorum
906 3701 935 3751 et
954 3697 1134 3751 dimensionis
1150 3715 1208 3752 non
1228 3700 1323 3754 imme·

221 3783 292 3832 mor,
319 3767 424 3822 adiecit
449 3769 573 3822 animum
597 3768 627 3821 iu
651 3769 727 3837 ipsas
752 3784 854 3821 uocum
879 3771 908 3822 et
927 3767 1098 3838 syllabarum
1115 3769 1208 3824 uarias
1228 3788 1322 3825 moras

222 3842 308 3908 atque
324 3839 390 3916 inde
409 3841 499 3908 spatia
523 3841 659 3908 temporis
685 3839 740 3892 alia
766 3838 852 3908 dupla
876 3839 932 3892 alia
958 3840 1061 3909 simpla
1085 3857 1146 3894 esse
1175 3841 1323 3911 comperit,

224 3911 325 3979 quibus
345 3911 447 3982 longae
463 3911 621 3980 breuesque
641 3911 765 3978 syllabae
784 3910 979 3964 tenderentur.
1004 3913 1132 3965 ,notauit
1156 3913 1242 3966 etiam
1266 3913 1323 3967 ista

225 3985 255 4036 et
271 3981 302 4036 in
327 3983 441 4053 regulas
470 3986 563 4038 certas
590 3982 739 4051 disposuit.
776 3983 1325 4051 poteratiam...uecessario
1393 4045 1395 4051 ,

223 4053 446 4123 pertineret.
482 4059 517 4121 cf.
535 4054 570 4108 de
590 4053 707 4106 munli
729 4057 752 4117 l,
777 4057 801 4107 l.
829 4053 842 4106 I
867 4073 895 4122 p.
913 4057 974 4108 564.
1015 4053 1335 4124 Mmeapussaaa.

223 4142 251 4193 p.
261 4129 296 4178 50
307 4124 370 4178 Gn:
388 4128 457 4178 tunc
470 4123 530 4190 illa,
549 4127 581 4177 ut
594 4124 731 4178 familiare
743 4125 865 4179 habebat
876 4142 1018 4194 exponere
1030 4130 1214 4194 percunctata
1229 4131 1258 4181 et
1277 4127 1326 4182 do·

224 4213 288 4250 cere
308 4195 391 4250 facile
411 4212 480 4265 quae
499 4197 534 4250 ab
559 4196 656 4250 eadem
675 4197 892 4264 quaerebantur,
913 4197 1017 4267 penula
1033 4215 1050 4250 a
1069 4198 1170 4251 dextra
1187 4215 1251 4253 cum
1268 4215 1325 4253 mo-

224 4267 316 4322 destia
334 4267 559 4336 uerecundiaque
578 4267 706 4321 releuata
724 4268 775 4337 (sic
794 4270 882 4322 codd:
901 4271 923 4322 B
944 4291 975 4315 =
997 4271 1201 4340 Bamtarpensia
1221 4274 1324 4325 etD=

11 4391 12 4424 3
101 4331 141 4434 Q
225 4342 469 4408 Darmstads'emr's,
489 4359 555 4410 quoa
573 4345 632 4410 ipsc
648 4337 763 4409 comati)
788 4338 830 4395 sic
854 4339 962 4410 coepit:
990 4338 1169 4414 γραμματικὴ
1192 4341 1272 4398 (licor
1296 4342 1327 4397 in

11 4432 14 4444 .
1126 4440 1162 4494 14
1228 4439 1237 4448 .
