3126 5146
804 465 865 528 100

290 647 418 714 111229
441 647 528 736 pso
542 647 602 716 Gr.
625 645 812 712 testimonio
833 643 886 730 (fr.
902 645 960 730 92)
984 643 1150 727 euincun't,
1183 667 1264 734 quos
1294 631 1391 713 disci-

291 759 453 847 plinarum
482 757 584 824 libros
610 757 645 823 in
671 770 767 822 usum
795 779 888 822 suum
918 753 1118 820 conuertisse
1147 775 1245 841 supra
1276 755 1322 844 (p.
1337 755 1391 840 18)

291 866 616 933 conmemorauimus.
641 885 714 931 oum
734 887 815 930 uero
829 862 1036 950 Augustinus
1051 861 1230 930 Martianus
1244 863 1389 930 Isidorus

290 975 481 1042 inferiorem
502 973 733 1060 grammaticae
755 972 905 1059 gradum,
922 969 1152 1058 grammaticae
1173 971 1265 1059 qussi
1285 972 1389 1039 infun·

289 1085 378 1169 tiam,
399 1093 605 1152 titterote'ooem
629 1109 648 1150 ο
669 1082 820 1148 Varrone
844 1073 963 1146 dictam
986 1079 1087 1146 fuisse
1112 1087 1283 1166 testentur,
1315 1081 1390 1147 hinc

290 1195 503 1282 corrigendus
523 1203 573 1260 est
593 1193 706 1281 Asper
728 1193 784 1259 12
804 1215 836 1281 p.
854 1191 984 1258 17251'.
1015 1189 1061 1255 ibi
1090 1191 1177 1256 enim
1201 1191 1325 1278 legitur
1355 1192 1390 1258 in

291 1303 402 1369 codiee
427 1303 585 1369 Vaticano
610 1301 691 1366 1492
713 1308 798 1365 teste
817 1299 967 1365 chrioo
986 1297 1119 1365 Brunns
1138 1309 1390 1383 ρτοοικιαολοοοιλ

289 1422 411 1480 scientio
432 1423 509 1480 reete
528 1417 676 1479 scribendi
698 1419 726 1478 et
752 1415 931 1476 conectendi
950 1415 1223 1490 νἰιλοτρτολααάλραο
1246 1417 1389 1476 rationem

290 1506 456 1589 uerborum.
500 1543 588 1602 quam
614 1527 769 1586 Terentius
788 1527 816 1584 et
842 1524 938 1584 Varro
957 1524 1088 1599 μιλιιιαικ
1114 1528 1147 1583 αλ
1172 1525 1268 1585 adhue
1287 1525 1391 1586 rodem

291 1637 473 1712 appellatum
500 1653 560 1696 esse
588 1636 659 1695 dicit
687 1634 894 1694 litteraturam.
934 1626 1082 1692 definitio
1104 1627 1217 1692 mutilo
1238 1647 1310 1694 esse
1339 1626 1386 1693 ui-

289 1739 385 1804 detur
415 1739 459 1805 K.
488 1737 626 1804 Lchrsio
664 1737 760 1822 (ancl.
788 1757 927 1822 gramm.
957 1745 1033 1823 post
1061 1733 1186 1802 Herod.
1227 1759 1289 1804 sor.
1327 1736 1388 1802 tn'o

206 1902 213 1908 .
289 1873 322 1938 p.
339 1848 416 1934 389)
438 1869 545 1933 neque
573 1868 614 1913 ex
631 1845 781 1912 Varrone
810 1845 964 1910 translata
986 1855 1045 1929 est,
1075 1845 1202 1935 reliqua
1228 1867 1308 1914 uero
1337 1844 1385 1911 sio

289 1957 464 2023 scribenda
485 1966 576 2023 sunt:
599 1979 687 2038 ηααοι
701 1963 855 2022 Terentius
872 1962 967 2022 Verre
982 1962 1114 2037 μοιἰκαικ
1130 1965 1164 2021 αλ
1175 1963 1272 2022 σάλοι
1285 1961 1389 2022 rudem

288 2074 470 2148 ομμολλοιοοκ
491 2089 551 2132 esse
574 2073 645 2132 dicit
665 2071 870 2131 litterationem
877 2091 888 2144 ;
924 2064 1047 2129 errauit
1069 2072 1179 2129 sutem
1206 2063 1244 2130 F.
1268 2062 1387 2130 Linde·

290 2197 388 2239 mann
411 2173 467 2257 (ed
488 2173 636 2261 Asprum
654 2193 687 2258 p.
705 2173 790 2256 309),
817 2172 872 2257 qui
896 2194 939 2236 ex
967 2171 1077 2260 Aspro
1100 2172 1265 2240 Isidorum
1287 2171 1386 2238 corsi*

288 2306 371 2370 gere
390 2283 505 2365 uoluit,
526 2282 709 2348 litteratura
732 2281 820 2346 enim
843 2291 912 2347 urat
935 2283 1037 2348 alteru
1056 2282 1160 2348 maior
1179 2290 1212 2348 ct
1235 2281 1387 2370 quesiss—

287 2393 402 2482 perior
413 2392 645 2478 grammaticae
665 2392 778 2457 forme.
798 2389 885 2456 idem
902 2387 1080 2457 discrimen
1099 2393 1249 2458 fecurunt
1265 2390 1388 2479 graeci,

287 2501 376 2591 quod
398 2511 530 2590 praeter
549 2501 631 2566 alios
652 2510 788 2566 testatur
811 2501 907 2568 Philo
930 2496 1089 2566 Iudaeus'
1106 2499 1180 2583 περὶ
1202 2498 1258 2579 ’τῆς
1280 2497 1326 2574 εἷς
1345 2495 1386 2562 τά

291 2613 445 2692 προπαιιλ
477 2604 586 2672 condi.
611 2611 629 2676 I
650 2610 760 2698 p.540
783 2611 913 2697 Meng.:
952 2605 988 2672 τά
1015 2631 1050 2694 γε
1075 2605 1138 2692 μὴν
1163 2608 1301 2694 γράφειν
1334 2607 1389 2694 καί

293 2717 537 2801 ἀναγιγνώσκειν
558 2720 783 2802 γραμματικῆς
806 2721 861 2800 τῆς
891 2716 1096 2800 άτελεστὲρας
1124 2718 1317 2802 ἐπάγγελμα,
1350 2712 1389 2800 ἣν

292 2825 551 2910 παρατρέποντές
572 2849 652 2902 τινες
674 2825 950 2910 γραμματιστικὴν
971 2829 1122 2890 scindor*
1146 2831 1201 2911 τῆς
1223 2830 1258 2892 δὲ
1277 2832 1391 2891 τελειο-

290 2941 385 3016 τέρας
410 2935 580 3014 άνάπτυξις
601 2939 663 3000 τῶν
683 2932 772 3018 παρά
796 2941 940 3020 ποιηταῖς
963 2958 995 2998 τε
1018 2934 1074 3000 καί
1096 2938 1346 3028 συγγραφεῦσιν.
1359 2939 1387 3022 ¹)

292 3047 456 3135 copiosius
469 3047 606 3114 eandem
618 3071 689 3114 rem
700 3056 814 3114 tractat
827 3048 947 3116 Sextus
962 3045 1145 3138 Empiricos
1162 3046 1236 3148 edu.
1251 3070 1388 3135 gramm.

289 3158 332 3222 44
348 3181 408 3245 sq„
432 3158 631 3246 alteriusque
656 3156 688 3220 τό
713 3155 752 3220 τά
776 3162 919 3236 στοιχεῖα
943 3156 998 3220 καί
1021 3154 1077 3230 τὰς
1100 3155 1218 3220 τούτων
1246 3161 1388 3238 συμπλο-

292 3261 348 3338 κάς
373 3265 536 3328 διδάσκειν
559 3290 631 3336 esse
655 3268 743 3352 dicit,
776 3268 811 3334 in
832 3268 934 3335 altera
955 3289 1036 3336 uero
1061 3266 1101 3351 τῇ
1121 3266 1228 3351 τελείῳ
1252 3266 1308 3332 uel
1330 3267 1388 3348 βα-

290 3424 490 3435 ι-ι-σ--ι-ι

390 3509 416 3580 1)
436 3511 476 3566 cf.
496 3512 615 3568 eundem
634 3511 654 3567 l.
674 3527 696 3566 u.
713 3528 734 3566 s.
756 3530 783 3581 p.
793 3509 855 3567 530.
865 3509 927 3566 521.
945 3510 1019 3565 idem
1035 3507 1275 3585 γραμματιστικὴν
1293 3509 1387 3581 adpul-

289 3606 331 3660 lat
346 3628 376 3660 π.
394 3609 442 3660 τοῦ
461 3603 604 3682 θεοπόμπ.
629 3607 698 3663 εἶναι
722 3604 784 3668 τοὺς
809 3603 889 3678 ὀνείρ.
908 3623 935 3676 p.
948 3606 1000 3662 652
1024 3603 1156 3674 παιδικὴν
1182 3601 1387 3680 γραμματικήν.

289 3702 324 3757 cf.
345 3703 428 3757 schol.
446 3705 529 3761 Dion.
539 3705 638 3760 Thrac.
656 3722 683 3775 p.
696 3703 757 3772 667,
769 3703 816 3759 17:
835 3707 881 3758 καὶ
900 3700 915 3771 ἡ
932 3700 1110 3777 γραμματικὴ
1128 3703 1160 3758 δὲ
1178 3699 1246 3758 κατά
1263 3699 1313 3760 τὸν
1330 3723 1386 3758 πα·

288 3795 366 3855 λαιὸν
384 3799 415 3855 ἒν
432 3793 481 3854 δύο
500 3797 715 3874 σημαινομένοις
732 3791 774 3867 ἦν.
791 3796 841 3868 τὴν
855 3799 912 3873 μὲν
927 3797 981 3872 γὰρ
1000 3795 1105 3874 μικρὰν
1122 3794 1243 3870 ἐκάλουν,
1261 3795 1278 3869 ἦ
1295 3817 1335 3862 τις
1352 3793 1388 3870 ἦν

287 3899 370 3968 τέχνη
394 3901 458 3968 περὶ
481 3899 529 3952 τοῦ
545 3891 665 3971 γράφειν
688 3901 734 3951 καὶ
759 3889 979 3968 ἀναγιγνώσκειν
1001 3893 1051 3966 τὴν
1073 3889 1274 3971 ἐγγράμματον
1291 3894 1389 3971 φωνὴν

287 3987 349 4052 τούς
372 4012 400 4047 τε
416 3995 590 4066 χαρακτῆρας
615 3995 670 4049 τῶν
686 3989 859 4067 γραμμάτων
882 3995 989 4065 ελάέναιΙ
1002 3995 1048 4047 καλ
1064 3990 1112 4054 τὰς
1131 3987 1277 4064 συλλήψεις
1297 3989 1387 4050 αὐτῶν

287 4083 372 4158 ἤγουν
397 4087 445 4148 τὰς
469 4085 618 4158 συλλαβάς·
646 4086 695 4157 τὴν
718 4089 749 4142 δὲ
772 4081 898 4162 μεγάλην
923 4083 1037 4144 ἐκάλουν
1062 4085 1112 4158 τὴν
1130 4089 1177 4143 ἐπὶ
1195 4085 1257 4148 τοὺς
1274 4084 1387 4156 ποιητάς

287 4191 415 4256 θεωρίαν,
434 4181 468 4253 ἣν
487 4205 547 4240 τινα
567 4188 617 4242 νῦν
636 4187 792 4256 ἐξηγοῦνται
811 4190 838 4240 οἱ
853 4190 1050 4259 γραμματικοί,
1071 4191 1120 4240 καί
1128 4187 1204 4241 ἐστιν
1221 4179 1286 4253 αὕτη
1303 4185 1386 4256 τέχνη

261 4279 437 4362 ,θεωρητικὴ
461 4283 517 4337 τῶν
535 4277 611 4354 παρά
634 4287 758 4351 ποιηταῖς
776 4300 805 4336 τε
826 4285 873 4337 καὶ
897 4283 1032 4360 λογεῦσιν.
1066 4281 1122 4337 ism
1144 4280 1220 4354 opud
1238 4273 1385 4337 Platonem

286 4379 407 4447 Euthyd.
426 4398 452 4449 p.
471 4379 542 4433 276Α
567 4377 777 4454 γραμματιστὴς
795 4379 925 4436 occurrit
