3152 5142
292 625 388 690 etiam
412 627 533 692 factum
555 635 654 692 estut
676 634 709 690 et
728 624 933 712 grammatici
955 624 1174 712 posteriorum
1196 631 1389 711 temporum,

291 742 463 819 postquam
482 732 675 820 praesertim
697 733 896 819 Apollonius
916 732 1047 820 prodiit,
1070 732 1130 798 hos
1151 731 1254 798 libros
1277 735 1390 820 negle-

293 849 419 925 gerent,
445 849 478 906 et
498 841 561 930 ipsi
582 842 657 908 libri
676 842 847 907 immature
869 841 1024 930 perirent.

393 950 505 1016 Nihilo
523 953 629 1018 minus
648 953 790 1039 experiri
803 953 960 1018 debemus
976 974 1055 1018 num
1073 950 1192 1018 certius
1206 951 1283 1037 quid
1295 951 1390 1016 statui

291 1059 403 1146 possit.
426 1056 630 1145 potissimum
649 1057 719 1122 sine
741 1056 840 1130 dubio
854 1057 1077 1146 Chrysippum
1100 1065 1228 1124 secutus
1252 1059 1321 1125 eius
1343 1059 1390 1122 in-

291 1178 388 1234 uenta
411 1169 527 1262 chem
552 1167 650 1234 modo
673 1177 769 1252 atque
792 1169 826 1233 in
846 1168 982 1256 reliquis
996 1169 1088 1234 libris
1102 1168 1390 1256 grammaticorum

291 1278 531 1366 stoicorumque
560 1279 680 1366 placita
714 1279 869 1343 refutauit
897 1280 953 1346 uel
980 1280 1133 1366 probauit
1162 1279 1217 1344 uel
1238 1278 1389 1344 correxit.

291 1383 506 1472 paucissimae
524 1386 695 1474 relliquiae
718 1395 830 1450 extant
850 1408 911 1452 neo
934 1387 1014 1452 tales
1028 1409 1046 1451 e
1062 1386 1177 1472 quibus
1196 1387 1281 1453 effici
1299 1387 1389 1475 quid-

292 1515 388 1577 quam
412 1494 522 1580 possit,
543 1494 601 1560 scd
619 1518 685 1561 uon
699 1495 819 1561 nullius
833 1496 988 1560 momenti
1000 1496 1035 1560 in
1049 1496 1110 1560 hac
1125 1517 1161 1559 re
1173 1497 1353 1582 Augustini
1363 1496 1387 1582 ¹)

291 1601 421 1668 libellus
434 1611 492 1686 est,
507 1603 761 1690 quiinscribitur
772 1603 941 1692 ‘principia
954 1603 1164 1670 dialecticae’.
1181 1605 1389 1691 Augustinus

292 1733 390 1799 quern
400 1711 559 1777 Varronis
582 1713 704 1800 scripta
725 1712 851 1803 ardenti
873 1710 979 1776 studio
1000 1711 1164 1777 lectitasse
1183 1721 1309 1779 constat
1332 1713 1388 1798 (cf.

290 1820 328 1886 L.
342 1821 496 1888 Krahuer
518 1823 667 1888 deVarr.
688 1822 787 1910 antiq.
808 1823 881 1888 libr.
901 1846 932 1910 p.
946 1823 997 1906 31,
1020 1825 1196 1890 Francken
1206 1824 1229 1889 l.
1241 1823 1262 1888 l.
1278 1845 1310 1908 p.
1322 1821 1388 1886 XV

292 1932 364 2018 sq),
386 1945 459 1995 eum
481 1938 595 2020 postea
609 1932 709 1996 nimia
725 1933 844 2018 pietate
862 1931 942 1998 haec
963 1933 1069 1998 studia
1091 1941 1323 2017 contemneret,
1343 1932 1389 1996 ita

291 2041 422 2128 scripsit
445 2053 471 2110 et
494 2051 566 2122 qatd
582 2051 654 2109 ratbt
670 2051 813 2123 proderat
841 2051 919 2123 quod
949 2068 1045 2110 ornnes
1070 2051 1160 2128 libros
1185 2051 1295 2108 artium
1316 2065 1389 2122 qaas

292 2157 427 2217 liberales
452 2163 566 2230 uocant,
597 2163 664 2220 tuac
684 2163 878 2234 aequissimas
899 2161 1045 2219 motorum
1068 2162 1262 2234 cupiditatum
1284 2175 1389 2238 sernas

287 2269 515 2340 permeatorem
531 2269 587 2342 lapi
605 2273 633 2328 et
647 2269 779 2328 tatetteat
790 2287 972 2343 quoscunque
988 2271 1081 2345 tepere
1100 2271 1209 2342 potat?
1232 2273 1258 2328 ct
1279 2269 1388 2344 ysode-

292 2370 357 2434 bom
377 2378 410 2434 iu
433 2379 474 2436 ets
494 2383 521 2438 et
540 2380 811 2450 assuebamfuack
833 2385 912 2452 esset,
936 2381 1080 2454 quidquid
1103 2381 1145 2438 tot
1165 2397 1269 2438 ueram
1287 2383 1313 2440 et
1328 2397 1389 2438 oer-

291 2492 358 2546 tum'
370 2494 442 2548 esset
461 2483 614 2563 (confess.
628 2483 700 2548 Hll
712 2482 762 2566 16,
776 2483 827 2548 30.
849 2483 867 2548 I
883 2507 914 2570 p.
927 2483 987 2554 123
1004 2483 1054 2548 ed.
1067 2504 1185 2567 congr:
1197 2477 1246 2546 St.
1259 2480 1388 2565 Maura),

290 2611 431 2678 eumque
451 2591 486 2656 in
502 2592 554 2657 his
567 2614 697 2680 quoquc
716 2593 840 2676 studiis,
864 2616 938 2658 cum
960 2593 1176 2680 undecunque
1197 2593 1299 2658 libros
1320 2615 1388 2657 cor-

289 2697 423 2784 riperet,
445 2698 629 2764 Varronem
663 2722 731 2766 non
761 2700 951 2786 neglexisse
982 2722 1042 2787 per
1073 2721 1108 2766 se
1130 2699 1299 2788 probabile
1325 2709 1388 2766 est

290 2805 438 2872 libellum
458 2807 566 2894 ipsum
589 2806 774 2894 inspicienti
797 2828 814 2871 e
834 2807 1010 2873 stoicorum
1023 2815 1132 2872 mente
1145 2829 1219 2872 cum
1231 2806 1389 2894 seriptum

291 2937 362 2981 esse
387 2926 532 3005 apparet,
567 2927 600 2981 et
632 2916 673 2982 ad
706 2938 817 2982 eorum
849 2915 1033 2983 doctrinam
1065 2914 1292 3004 explicandam
1316 2924 1392 3002 post

289 3024 350 3091 Th.
373 3023 556 3092 Stanleium
589 3027 677 3111 (hist.
698 3024 777 3114 phil.
800 3025 835 3090 ΙΙ
858 3049 889 3114 p.
907 3025 967 3091 166
991 3027 1041 3092 ed.
1055 3027 1173 3092 Venet.
1197 3049 1229 3112 p.
1251 3025 1313 3092 566
1336 3024 1387 3090 ed.

290 3133 394 3221 Lips.)
416 3135 459 3211 ¹'ab
484 3135 657 3224 Rudolpho
681 3133 865 3201 Schmidtio
891 3135 1053 3202 adhibitus
1077 3144 1135 3220 est,
1160 3135 1214 3220 qui
1240 3133 1387 3222 quaeda

291 3231 492 3328 etymologia
514 3243 559 3309 ibi
584 3245 753 3328 docentur,
779 3266 796 3308 o
820 3244 980 3310 Varronis
1008 3243 1099 3308 libris
1132 3243 1172 3307 de
1206 3239 1320 3306 eadem
1352 3264 1389 3306 re

289 3343 394 3434 (libris
417 3351 577 3425 11-1111
606 3353 647 3417 de
677 3352 791 3438 lingua
821 3353 933 3434 latina)
960 3350 1094 3416 fluxisse
1117 3351 1265 3417 coniecit.
1291 3351 1389 3435 ¹quod

290 3470 379 3526 recte
393 3460 542 3548 posuisse
564 3462 702 3528 uidetur.
724 3461 865 3549 primum
888 3461 975 3526 enim
999 3482 1016 3524 e
1037 3459 1227 3548 ueriloquiis
1248 3460 1294 3525 ibi
1316 3482 1390 3547 pro-

290 3572 363 3638 latis
386 3572 527 3659 plurima
549 3581 712 3659 tamquam
738 3570 941 3636 Varroniana
972 3569 1115 3634 notanda
1144 3578 1229 3652 sunt,
1263 3569 1388 3655 aliaque

391 3781 416 3850 1)
434 3781 569 3852 Episcopi
578 3780 764 3850 Hipponensis
784 3780 857 3834 euim
868 3780 921 3834 hoc
938 3779 1102 3850 opusculum
1114 3797 1174 3834 csse
1186 3778 1389 3835 demonstrauit

289 3878 387 3932 Prantl
405 3879 424 3938 l.
445 3880 463 3932 l.
482 3897 510 3947 p.
521 3877 582 3944 666,
600 3893 765 3946 quamquam
783 3877 813 3930 id
834 3876 861 3930 6.
881 3877 913 3930 F.
931 3876 1050 3932 Webero
1069 3877 1175 3946 proleg.
1193 3875 1223 3928 in
1239 3875 1390 3944 Augustini

290 3981 342 4029 art.
362 3991 477 4044 gramm.
497 3975 553 4044 pl
571 3992 627 4028 non
647 3973 817 4043 persuasisse
834 3973 955 4026 uidetur.
978 3973 1080 4028 addere
1099 3971 1194 4042 potuit
1213 3971 1243 4025 in
1262 3972 1334 4026 libro
1354 3971 1389 4026 de

290 4073 424 4142 magistro
444 4089 525 4141 quem
543 4077 652 4142 patrem
671 4072 751 4125 breui
770 4075 835 4140 pos't
854 4070 923 4124 illud
942 4070 1085 4140 scripsisse
1105 4073 1217 4126 constat
1235 4068 1279 4131 (cf.
1294 4069 1389 4138 Augu-

291 4168 355 4222 stin.
376 4167 898 4236 retract.112)n0nnullarccurrere
921 4166 1039 4234 quaein
1063 4165 1111 4219 illo
1132 4165 1231 4219 libelle
1255 4164 1389 4234 leguntur

289 4269 322 4320 ut
339 4266 364 4320 V
380 4266 420 4320 12.
440 4267 482 4320 16.
502 4264 606 4320 Toml
627 4282 655 4332 p.
673 4262 734 4317 679.
750 4261 802 4316 682
820 4263 863 4318 ed.
883 4281 978 4334 congr.
999 4263 1025 4317 S.
1037 4263 1142 4330 Maur,
1171 4260 1246 4314 unde
1271 4264 1389 4330 apparet

290 4362 464 4418 dialecticam
482 4363 539 4416 illic
557 4362 712 4431 expositam
731 4380 761 4415 re
779 4379 848 4414 uere
870 4360 1057 4431 Augustinum
1075 4362 1231 4429 amplexum
1253 4375 1321 4414 esse.
