3126 5146
784 409 842 467 120

266 588 360 654 V58.
382 585 528 654 'Diodor.
540 587 654 654 mot.
685 586 769 653 Plin.
781 587 852 653 VII
864 586 925 652 192
937 608 984 672 sq.
1016 585 1117 651 Tacit.
1136 585 1242 652 annal.
1259 585 1311 652 XI
1324 584 1363 650 14

266 697 306 764 ef.
329 696 364 763 F.
378 699 422 764 A.
435 696 532 764 Wolf
550 697 680 784 proleg.
705 696 746 762 ad
768 695 866 762 Hom.
888 718 921 783 p.
934 695 963 760 L
977 698 1048 781 sq.).
1078 695 1123 760 ita
1132 694 1239 760 Varro
1263 693 1361 762 Chal·

265 808 361 874 daeos
390 807 513 893 primos
540 806 722 871 litterarum
752 827 824 871 csse
846 813 993 872 auctores
1014 803 1180 888 iudicauit,
1216 826 1255 870 eo
1283 809 1361 871 usus

263 923 467 1002 argumento,
490 913 576 1000 quod
599 937 711 981 earum
731 912 872 998 nomina,
899 935 980 999 quae
1000 937 1020 978 a
1041 913 1244 998 singularum
1255 915 1363 1000 figura

264 1024 443 1114 repetenda
466 1033 584 1108 essent,
605 1023 646 1088 ad
670 1023 910 1104 Chaldaeorum
932 1021 1079 1110 linguam
1100 1031 1284 1112 spectarent
1309 1022 1360 1108 (fr.

266 1132 351 1220 103).
374 1135 434 1199 has
455 1132 580 1200 litteras
601 1157 621 1198 a
642 1133 862 1200 Phoenicibus
889 1131 1123 1211 cumGraecis
1145 1131 1361 1198 communies·

264 1242 481 1308 tas'sedecim
503 1243 604 1308 fuisse
628 1241 770 1325 tradunt,
805 1241 923 1327 quibus
960 1241 1151 1307 Palamedes
1174 1240 1361 1310 Simonides
1390 1282 1396 1304 .

235 1383 238 1388 ·
263 1351 480 1439 Epicharmus
502 1351 645 1440 reliquas
667 1351 863 1417 addiderint.
886 1351 984 1417 ualde
1000 1351 1162 1438 discrepat
1177 1351 1264 1416 inter
1285 1350 1361 1416 scri·

267 1471 378 1550 ptores
409 1485 488 1549 quas
518 1461 654 1547 quisque
687 1483 799 1526 eorum
831 1460 989 1526 adiecerit
1015 1459 1071 1546 (cf.
1091 1460 1119 1527 Ι.
1138 1461 1246 1528 Franz
1266 1460 1362 1530 elem.

270 1571 375 1658 epigr.
398 1593 449 1657 gr.
470 1595 503 1659 p.
526 1572 565 1636 14
586 1571 660 1656 sq.),
689 1569 776 1656 quod
794 1571 920 1658 'partim
946 1569 988 1634 ad
1012 1569 1157 1636 diuersas
1171 1573 1173 1578 ’
1187 1569 1362 1636 sententias

266 1681 438 1768 pertineat,
462 1681 580 1768 partim
595 1682 744 1764 ,fortasse
766 1679 972 1746 librariorum
996 1681 1092 1769 culpa
1121 1688 1179 1746 est.
1221 1680 1297 1746 satis
1320 1679 1362 1746 sit

265 1811 536 1876 conmemorosse,
568 1775 762 1879 plerumque
791 1789 960 1856 Palamedi
990 1791 1047 1874 (cf.
1072 1789 1113 1856 Ο.
1133 1789 1217 1854 Iahn
1239 1788 1361 1855 Palam

264 1923 297 1988 p.
313 1894 361 1966 25‘
370 1923 418 1987 sq.
449 1899 488 1966 Ε.
513 1897 644 1966 Curtius
665 1923 741 1966 nou.
763 1922 846 1966 mus.
869 1900 918 1964 rh.
935 1898 1006 1965 VII
1027 1922 1059 1987 p.
1080 1898 1143 1964 455
1162 1898 1226 1982 sq.)
1262 1897 1361 1963 tribui

265 2009 511 2075 consonantium
532 2009 777 2095 adspiratarum‚
801 2008 962 2078 Simonidi
993 2008 1217 2074 inuentionam
1240 2007 1362 2072 littera·

266 2141 338 2186 rum
364 2119 398 2178 H
410 2104 484 2187 ΩΞ
497 2117 534 2201 Ψ;
558 2119 617 2183 sed
638 2119 720 2184 haec
743 2140 809 2184 non
823 2117 921 2184 modo
943 2117 1185 2200 confunduntur
1206 2125 1238 2182 et
1251 2116 1361 2182 inuer-

265 2235 388 2312 tuntur,
412 2227 470 2293 sed
495 2227 592 2292 etiam
614 2236 669 2292 aut
691 2227 830 2292 alterum
853 2236 907 2292 aut
928 2227 1077 2313 singulae
1101 2227 1217 2292 harum
1240 2227 1361 2293 littera·

264 2357 336 2401 rum
371 2335 567 2424 Epicharmo
601 2335 838 2401 adscribuntur.
877 2335 955 2421 quid
982 2335 1017 2400 in
1042 2335 1104 2402 hae
1136 2358 1230 2402 eausa
1251 2335 1360 2402 Varro

267 2442 417 2508 statuerit
438 2463 481 2516 ex
504 2442 675 2509 contrariis
696 2440 936 2508 narrationibus
957 2441 1155 2530 scriptorum
1185 2440 1361 2508 latinorum

264 2550 461 2638 inuestigari·
488 2571 553 2616 non
575 2559 694 2640 potest,
726 2571 788 2614 neo
813 2549 924 2637 magni
953 2550 1109 2616 momenti
1132 2559 1191 2632 est,
1224 2573 1297 2626 cum
1327 2549 1362 2616 in

264 2659 327 2724 hac
348 2683 394 2726 re.
407 2681 520 2726 omnes
542 2660 612 2726 fere
634 2659 785 2746 antiquos
807 2681 934 2726 errasse
957 2659 1034 2726 satis
1057 2669 1194 2725 constet.
1214 2661 1249 2726 in
1263 2661 1361 2726 rebus

224 2759 229 2768 ’
267 2779 374 2835 antem
396 2767 557 2834 historicis
581 2791 697 2857 parum
719 2770 856 2836 interest
875 2769 1022 2856 priorum
1044 2769 1212 2836 hominum
1234 2769 1361 2836 errores

266 2900 444 2970 exponere,
462 2879 490 2946 si
510 2901 624 2944 uerum
647 2879 814 2945 inuentum
839 2889 899 2965 est,
920 2901 992 2945 cum
1012 2882 1048 2947 in
1071 2881 1117 2948 eis
1138 2875 1246 2960 reb'us,
1281 2901 1363 2966 quae
1392 2951 1397 2959 ,

267 2989 302 3055 in
321 2987 486 3076 cogitandi
508 2987 635 3053 ratione
658 2987 814 3071 nituntur,
846 2988 943 3054 ctiam
969 3011 1118 3056 errorum
1139 2989 1272 3055 historia
1296 3011 1362 3056 non

266 3099 372 3166 solum
395 3099 576 3184 sapientem
596 3093 811 3163 uehementer
832 3097 974 3184 adliciat,
1011 3099 1069 3165 sed
1090 3121 1249 3188 perquam
1272 3098 1362 3166 utilis

266 3209 316 3274 sit.
338 3207 374 3273 in
393 3207 521 3273 Italiam
545 3229 656 3274 omnes
677 3207 882 3272 consentiunt
904 3207 958 3292 (cf.
980 3207 1057 3276 Tac.
1078 3210 1101 3276 l.
1123 3210 1145 3274 l.
1167 3210 1266 3277 Dion.
1285 3209 1361 3275 Hal.

266 3324 331 3382 ant.
359 3316 567 3402 rom.133),
598 3314 790 3384 Euandrum
811 3309 980 3384 Arcadem
1011 3317 1065 3398 (ci.
1088 3318 1128 3384 R.
1149 3317 1191 3382 H.
1213 3317 1361 3384 Klausen

266 3425 399 3492 Aeneas
422 3449 453 3491 u.
466 3425 497 3491 d.
508 3435 614 3514 penat.
636 3427 674 3492 II
691 3449 722 3514 p.
737 3425 798 3492 889
816 3429 879 3514 sq.)
901 3425 1037 3514 eiusque
1058 3435 1195 3492 matrem
1208 3423 1362 3492 Carmen-

266 3543 332 3602 tem
352 3556 488 3622 graeoas
511 3535 635 3600 litteras
655 3533 810 3602 adtulisse
825 3535 861 3621 ¹),
886 3535 974 3624 quod
984 3537 1127 3604 Varroni
1150 3558 1280 3625 quoque
1293 3537 1361 3626 plc-

314 3868 316 3872 .
366 3825 393 3894 1)
413 3825 529 3878 Ioannes
539 3824 632 3894 Lydus
650 3841 759 3894 quoque
778 3824 812 3878 de
830 3840 916 3877 mens.
934 3823 978 3876 19
996 3823 1159 3878 Euandrum
1176 3824 1299 3880 sedecim
1315 3807 1361 3880 lit·

265 3928 341 3979 teras
360 3922 390 3976 in
406 3921 516 3976 Italiam
533 3921 630 3977 tulisse
650 3921 757 3988 scribit,
778 3920 826 3974 sed
845 3937 899 3989 quo
917 3923 960 3974 est
977 3919 1090 3976 inscitia
1107 3925 1137 3975 et
1153 3920 1360 3977 inconsideran-
1422 3991 1427 4002 .

265 4018 306 4073 tia
330 4018 379 4074 On.
404 4018 543 4079 Flauium,
572 4035 654 4087 quem
677 4017 713 4072 M.
733 4017 812 4084 dicit,
838 4017 960 4087 reliquas
986 4017 1126 4073 addidisse
1152 4018 1284 4088 opinetur
1315 4017 1359 4084 (cf.

264 4116 362 4186 Pomp.
381 4115 416 4170 de
436 4114 506 4186 orig.
523 4115 576 4170 iur.
595 4115 703 4186 Digest.
720 4115 772 4181 12,
782 4115 809 4183 2,
821 4113 845 4168 7.
865 4115 891 4170 S.
901 4115 945 4170 W.
956 4115 1098 4170 Zimmern
1115 4116 1208 4186 gesch.
1227 4116 1254 4170 d.
1272 4133 1360 4170 roem.
1418 4116 1420 4118 ’

265 4211 453 4282 priuatrechts
471 4230 498 4283 p.
511 4212 634 4282 205sq.).
668 4211 812 4282 ingeniose
835 4211 937 4267 subicit
962 4214 1039 4284 φιλεῖ
1059 4207 1113 4284 γὰρ
1138 4210 1154 4266 ὁ
1177 4206 1280 4284 χρόνος
1298 4212 1361 4268 ἐνα-

263 4314 372 4379 μείρειν
389 4304 420 4362 τὰ
439 4301 597 4381 πράγματα,
616 4307 665 4362 sed
677 4301 1018 4364 'nereornc‘tantundem
1037 4307 1302 4379 stuporhydorum.
