3126 5146
758 459 818 520 110

244 659 276 726 p.
290 635 353 706 402
379 635 527 706 codicem
549 636 778 711 Florentinum
802 637 844 704 de
865 638 980 725 lingua
1003 637 1146 708 latirreV
1164 637 1267 725 resp
1282 633 1343 722 106

244 751 304 815 leet
323 744 482 832 praebere
505 754 652 830 testetur,
666 745 967 833 vobtemperandum
990 767 1061 816 ease
1088 745 1170 814 duco
1185 744 1342 830 Diomedi

243 875 275 939 p.
288 853 390 938 303st
411 853 467 945 qui
485 861 532 925 tao
555 855 788 924 exterminasse
801 854 986 930 Varronem
1004 854 1114 938 tradit,
1137 863 1170 923 et
1181 852 1339 939 Pompeio

243 962 606 1058 xu1112p.2ee,qui
633 963 674 1028 de
698 973 789 1030 certo
813 965 956 1050 quodam
979 964 1142 1035 Varronis
1164 972 1341 1049 praecepto

243 1071 361 1146 iri-hae
382 1071 592 1157 reloquitur.
621 1073 718 1142 aliter
737 1073 925 1141 Varronem
955 1073 1106 1156 statuisse
1134 1081 1243 1143 narret
1266 1069 1341 1140 Cle

243 1179 359 1253 dunius
386 1202 419 1267 p.
435 1180 518 1246 1904
529 1180 584 1250 P.:
615 1181 691 1248 ‘laet
714 1181 814 1265 (laete
837 1190 898 1248 cod.
922 1188 1018 1248 Ber-n.
1040 1190 1114 1250 380.
1133 1180 1269 1262 Peterin)
1296 1178 1341 1255 ait

243 1290 349 1361 Varro
371 1311 439 1361 non
464 1289 540 1374 dici,
570 1313 746 1376 numquam
774 1291 862 1359 enim
893 1312 1011 1366 nomen
1034 1313 1076 1358 ex
1095 1290 1219 1360 duabus
1241 1288 1338 1369 mutis

243 1399 435 1476 terminetur
454 1410 510 1466 aut
533 1401 650 1469 currit:
673 1401 736 1469 boc
755 1401 860 1480 loote'.
885 1401 943 1468 sed
963 1409 1075 1488 aperte
1098 1399 1341 1486 confuditVar7
1404 1383 1407 1388 ⁵

242 1529 357 1580 renem
382 1533 456 1578 cum
480 1507 622 1584 Cessare
654 1510 708 1594 qni
735 1519 819 1578 teste
849 1509 1005 1598 Pompeio
1039 1509 1094 1596 (cf.
1118 1531 1216 1596 supro
1235 1505 1339 1595 ped)

243 1620 370 1691 nulium
390 1619 587 1696 uocabulum
610 1619 735 1686 duabus
758 1619 1008 1689 consonantibus
1033 1618 1208 1687 terminari·
1225 1617 1340 1704 uoluit,

242 1729 480 1806 utCleduuius
500 1739 555 1798 eut
575 1730 769 1816 Pompeium
799 1730 955 1799 aureius
979 1739 1146 1801 auctorem
1174 1729 1261 1797 male
1284 1749 1340 1806 ex:

243 1839 404 1926 eripuisse.
417 1839 576 1909 uideatur.
601 1840 732 1907 omnino
762 1840 849 1906 enim
869 1838 993 1924 Donati
1014 1839 1212 1928 interpretes
1226 1836 1271 1920 ,in
1292 1845 1341 1907 tot

242 1951 341 2020 robus
363 1959 561 2034 congruunt,
583 1949 670 2035 quod
700 1950 820 2036 exigua
850 1972 892 2016 ex
926 1958 1018 2038 parte
1050 1947 1147 2014 docet
1175 1945 1339 2018 adnotatio

242 2067 353 2133 nostru
372 2058 414 2124 ad
433 2059 617 2145 fragmenta
640 2059 690 2126 99.
713 2060 783 2143 100,
811 2069 848 2124 ut
873 2081 985 2129 omnes
1008 2079 1050 2126 ex
1070 2079 1135 2122 uno
1157 2055 1339 2139 eodemque

242 2167 389 2237 doctiore
411 2168 631 2237 conmentario
655 2167 801 2236 hausisse
829 2167 995 2254 aliumque
1018 2168 1111 2254 plura
1138 2165 1238 2232 alium
1260 2185 1338 2252 pau·

241 2276 430 2347 ciereinde
455 2277 632 2363 sumpsisse
655 2277 849 2346 existimem.
872 2277 907 2344 in
928 2298 966 2345 eo
988 2283 1097 2344 autem
1119 2271 1338 2342 conmentario

244 2386 481 2457 conscribendo
513 2386 674 2466 Varronis
707 2385 951 2474 grammaticam
983 2384 1161 2456 adhibitam
1193 2405 1264 2453 cese
1297 2403 1340 2454 ex

241 2495 435 2583 fragmentis
453 2497 550 2566 modo
572 2497 688 2566 adlatis
708 2495 943 2582 conligendum
957 2495 1097 2588 ideoque
1114 2493 1338 2580 huncquoque

242 2607 506 2680 obseruationem
528 2607 572 2675 de
591 2606 696 2674 forma
719 2615 778 2674 laet
799 2606 915 2674 eodem
942 2607 1062 2688 refero,
1080 2603 1168 2688 quod
1188 2601 1339 2690 Martisui

243 2715 314 2802 (ΙΙΙ
329 2717 393 2787 256
412 2740 444 2805 p.
458 2717 499 2782 57
519 2715 594 2799 Gr.)
626 2738 789 2785 consensu
818 2715 1037 2788 confirmatur.
1082 2721 1255 2802 praeterea
1275 2710 1339 2780 huo

240 2835 391 2912 spectare
413 2826 500 2911 quod
522 2825 689 2900 Charisius
712 2826 758 2914 (p.
780 2827 924 2911 131,10)
948 2824 989 2892 dc
1012 2824 1140 2911 graecis
1169 2818 1336 2890 uocabulis

241 2959 275 3000 -a
305 2935 484 3006 terminatis
514 2935 613 3004 tradit
643 2936 697 3022 (fr.
721 2936 776 3020 98)
809 2959 907 3024 supra
937 2937 982 3023 (p.
1005 2933 1060 3017 34)
1090 2933 1154 3003 iam
1184 2929 1336 3018 indicaui,

241 3067 316 3114 oum
335 3045 371 3114 in
392 3046 478 3115 libro
501 3045 542 3113 de
564 3047 776 3133 grammatica
796 3046 909 3112 breuia
929 3047 971 3112 de
990 3045 1082 3115 iustis
1104 3043 1336 3116 uocabulorum

239 3153 354 3222 formis
377 3165 553 3242 praecepta
576 3154 645 3221 dari
667 3165 843 3242 oporteret,
868 3155 962 3243 quale
984 3155 1049 3222 hoo
1068 3153 1168 3225 fuisse
1195 3151 1335 3225 uidetur,

339 3263 538 3335 Pronomina
551 3265 781 3349 prouocabulis
792 3265 899 3330 Varro
919 3281 986 3329 uon
1004 3262 1195 3352 opposuisse
1211 3263 1336 3346 (quam-

240 3393 336 3460 quam
356 3371 392 3440 in
416 3371 495 3461 ipsis
517 3395 627 3442 rerum
649 3374 832 3442 nominibus
857 3375 1092 3463 posterioribus
1115 3373 1335 3462 grammaticis

239 3501 306 3547 non
326 3480 423 3551 ualde
445 3481 601 3568 confido),
621 3484 679 3552 sed
704 3483 782 3550 duas
804 3484 861 3552 has
878 3473 999 3552 classes
1020 3483 1213 3572 pronomina
1233 3481 1335 3552 nomi-

237 3611 332 3658 nasse
353 3591 493 3660 uidetur.
519 3593 629 3661 diuisit
652 3615 690 3659 en
711 3594 744 3660 in
758 3593 955 3682 primigenia
970 3603 1003 3662 et
1017 3591 1336 3679 deductiuaffnild),

239 3710 274 3764 ut
298 3709 364 3782 quis
386 3710 418 3766 et
440 3711 594 3784 qaisquam
615 3713 771 3785 quispiam.
816 3704 1012 3792 primigenia
1041 3715 1148 3770 autem
1176 3711 1268 3768 erant
1287 3700 1336 3764 ui-

239 3809 322 3896 ginti
334 3832 445 3896 unum,
469 3833 607 3897 quorum
630 3822 782 3900 quattuor
802 3813 943 3899 classes,‘
952 3835 1031 3899 quas
1048 3822 1159 3879 contre
1169 3813 1336 3879 Donatum

239 3917 317 3984 duras
348 3929 473 3985 tantum
504 3922 728 4008 proferentem
738 3923 764 4010 ¹)
794 3921 970 4014 Pompeius
993 3922 1131 4010 Sergius
1156 3918 1335 3989 Oledonius

242 4088 423 4103 m

336 4167 364 4234 1)
385 4166 487 4222 Donat
495 4167 521 4222 11
533 4167 576 4234 11,
591 4167 608 4220 2
621 4184 648 4236 p.
661 4165 739 4224 1752.
757 4167 792 4222 ef.
803 4166 916 4237 Sergius
934 4185 960 4238 p.
975 4168 1100 4228 1847P.:
1118 4168 1227 4227 Probus
1242 4172 1336 4237 autem

185 4309 198 4328 ,
231 4281 391 4336 {nonomen
408 4265 439 4320 iu
456 4269 577 4334 quotuor
594 4268 691 4334 partes
709 4263 795 4322 diuidi
813 4265 933 4334 putauit,
959 4264 990 4323 id
1009 4271 1053 4322 est
1073 4283 1228 4336 pronomen
1246 4263 1336 4324 infini-

236 4366 305 4430 tum,
329 4359 449 4428 finitum,
474 4361 566 4419 miuus
584 4377 667 4432 quum
685 4359 797 4422 finitum
818 4368 848 4418 et
865 4362 1059 4434 possessiuum
1085 4363 1173 4433 quod·
1186 4380 1244 4422 non
1259 4362 1336 4418 uide-
