3126 5146
696 462 755 522 tlt

180 636 294 726 positis
310 637 437 702 loeutus
453 641 553 702 estut
572 635 614 701 de
638 632 824 701 ffloeuimine
846 633 934 702 inter
954 641 1119 704 narsem
1137 646 1181 701 et·
1192 648 1275 704 aaa·

175 757 312 826 ambae,
340 756 372 813 et
393 747 558 815 seribendi
578 746 737 812 rationem
747 768 814 812 non
825 767 959 835 prorsus
973 749 1158 834 negleetam
1173 749 1275 814 fuisse

180 855 322 926 ostendit
342 858 377 922 id
400 856 487 942 qood
510 861 599 924 ebahtt
618 877 679 944 pro
703 864 810 923 mbtbs't
833 855 931 922 serihi
955 857 1223 926 conmemorauit.

276 967 316 1033 In
338 965 543 1055 explicandis
568 966 670 1052 igitur
699 963 855 1032 orationis
884 965 1034 1053 partibus
1063 988 1126 1033 nse
1145 967 1274 1053 Diony*

176 1076 259 1142 sium
284 1075 376 1142 euius
398 1075 657 1164 praepositiones
678 1083 721 1140 et·
740 1073 971 1163 pronominum
1001 1075 1193 1142 diuisionem
1219 1097 1275 1142 ne·

175 1185 291 1273 glexit,
325 1202 387 1250 nee
408 1184 542 1269 stoioos,
571 1205 709 1269 quorum
729 1184 887 1250 terminos
910 1186 1031 1250 frustra
1050 1185 1194 1271 quaeris,
1223 1206 1273 1251 sa·

176 1301 269 1360 sutus
292 1303 352 1378 est,
375 1297 530 1380 quantum
553 1315 595 1360 ex
615 1293 842 1378 relliquiarum
865 1294 1029 1381 paucitate
1055 1293 1181 1382 eonligi
1202 1303 1273 1381 pot⁴

176 1412 236 1488 est,
256 1402 383 1470 etiamsi
405 1403 440 1467 in
460 1402 599 1489 singulis
624 1401 839 1490 exponendis,
858 1401 914 1468 ubi
927 1401 998 1468 fieri
1010 1401 1131 1490 potuit.
1143 1404 1273 1470 etillius

177 1511 348 1578 ethorum
373 1511 552 1578 doctrinam
574 1511 721 1598 respexit
743 1520 840 1596 atque
862 1512 1037 1578 transtulit.
1068 1513 1179 1598 itaque
1200 1535 1273 1580 ean·

176 1621 252 1688 dem
273 1621 480 1700 diuisionem,
510 1643 607 1706 quam
633 1621 669 1686 in
689 1619 781 1687 libris
806 1619 847 1686 de
870 1620 984 1708 lingua
1006 1621 1109 1690 latine
1130 1621 1275 1710 protetlit,

176 1731 346 1820 repetiisse
362 1741 394 1796 et
406 1755 467 1820 pro
479 1729 692 1797 fundamento
709 1729 897 1798 adhibuisse
912 1731 1094 1798 censendus
1108 1742 1165 1797 ost.
1187 1731 1276 1800 idem

177 1838 356 1908 Oledonius
379 1863 412 1929 p.
429 1839 509 1905 1861
521 1840 559 1906 Ρ.
589 1839 764 1926 signifieat,
798 1861 816 1904 e
845 1838 936 1906 euius
966 1839 1159 1906 testimoniis
1183 1850 1273 1926 quat·

174 1959 250 2016 tnor
270 1949 483 2017 Varroniania
509 1949 574 2015 duo
605 1950 648 2015 ad
670 1949 912 2036 grammatioam
934 1949 1101 2037 pertinere
1123 1951 1273 2038 exposui,

174 2080 274 2126 unum
295 2079 489 2146 quamquem
501 2114 504 2124 .
510 2059 723 2148 probabiliter
744 2083 846 2148 supra
864 2059 905 2124 ad
925 2059 1046 2126 librum
1063 2057 1272 2128 samonum

177 2167 231 2252 (fr.
247 2168 281 2253 9)
304 2169 344 2234 de
366 2168 480 2255 lingua
500 2167 600 2236 latina
622 2169 777 2252 relatum,⁴
796 2167 913 2236 eodem
934 2168 1003 2234 fere
1023 2169 1273 2254 integraretur·

175 2277 260 2344 tinae
284 2278 383 2344 tribui
403 2288 533 2366 poterat
541 2277 578 2363 ¹).
612 2279 721 2363 itaque
743 2278 784 2344 ad
806 2277 946 2346 eandem
967 2287 1119 2364 quartum
1144 2299 1275 2366 quoquo

176 2385 318 2454 Olsdoni
339 2389 562 2474 fragmentum
582 2395 734 2477 spectaro
753 2387 825 2452 ueri
844 2388 1026 2472 simileest,
1046 2411 1110 2476 quo
1123 2396 1273 2473 quatoro'r

176 2495 331 2562 orationis
349 2506 459 2584 partes
471 2497 657 2563 Varronem
671 2496 821 2563 statuisse
836 2495 957 2562 diserte
971 2496 1123 2564 adfirmat
1144 2498 1197 2580 (fr.
1209 2497 1273 2579 96),

175 2605 500 2694 qnampartitionem
523 2606 659 2672 eandem
682 2605 792 2686 foisse,
826 2628 888 2691 qua
916 2606 1096 2674 seeundum
1122 2616 1272 2675 notarem

175 2713 280 2781 diuisa
301 2717 357 2798 (cl.
379 2714 418 2782 Ο.
441 2715 629 2782 Lachmann
650 2716 692 2782 ad
714 2717 812 2784 Luer.
835 2715 963 2782 VlOOd
982 2717 1102 2804 pert)
1128 2716 1272 2786 inlibris

175 2823 216 2890 de
237 2823 352 2912 lingua
370 2824 472 2891 latina
493 2824 605 2908 utitur,
623 2827 770 2914 meipsa
793 2827 920 2914 elamat.
952 2849 1027 2902 eum
1052 2849 1132 2894 uero
1158 2849 1272 2895 omnes

96 2965 99 2972 ⁴
173 2932 372 3022 posteriores
394 2935 599 3022 grammatici
615 2935 705 3000 latini
728 2945 800 3002 ooto
820 2936 962 3002 habeant
975 2945 1085 3025 partes
1098 2936 1272 3022 orationes,

170 3054 269 3110 antea
290 3044 325 3109 id
348 3069 368 3109 a
387 3043 545 3112 Varronis
556 3044 582 3126 2)
610 3046 646 3112 in
667 3045 752 3112 libro
778 3046 824 3111 de
839 3044 1053 3132 grammatica
1079 3045 1271 3112 auctoritate

175 3153 392 3241 repetendum
424 3174 496 3220 esse
529 3154 724 3240 existimaui,
754 3174 841 3220 nuno
875 3154 1025 3222 omnibus
1058 3155 1273 3224 consideratis

172 3263 259 3330 hano
278 3263 474 3330 sententiam
497 3263 600 3330 ahioio
622 3265 831 3351 primumque
852 3290 871 3331 a
892 3286 957 3350 quo
978 3265 1176 3354 posteriores
1194 3285 1273 3354 pen-

174 3372 516 3440 dentePalaemonem
548 3374 650 3440 fuisse
683 3373 808 3440 oonioio
843 3377 969 3442 memor
1002 3373 1196 3457 Quintiliani
1227 3376 1273 3442 ita

174 3481 347 3548 soribentis
366 3480 455 3564 (inst.
478 3504 526 3548 or.
543 3482 695 3566 14720l³
727 3483 793 3548 ‘alii
813 3492 923 3548 tamen
945 3505 988 3548 ex
1007 3483 1136 3550 idoneis
1158 3482 1273 3550 dunta-

175 3600 232 3658 xat
261 3592 444 3658 auctoribus
476 3601 549 3658 oeto
580 3601 690 3683 partes
721 3592 824 3658 seouti
851 3601 927 3660 sunt
947 3602 983 3658 ut
1005 3592 1215 3660 Aristerehus
1242 3603 1274 3660 et

279 3784 307 3853 1)
326 3784 368 3837 De
387 3784 535 3854 generibus
553 3789 673 3856 utroque
692 3786 755 3841 loeo
773 3784 951 3840 tractandum
969 3791 1030 3841 erat
1047 3787 1077 3841 et
1090 3804 1148 3841 non
1165 3786 1274 3842 dubita-

174 3897 233 3935 rem
251 3879 440 3950 fragmentum
460 3879 530 3934 illud
549 3882 746 3951 grammaticae
765 3881 918 3950 uindicare,
944 3882 998 3936 nisi
1019 3882 1094 3938 haud
1112 3900 1201 3953 pauoa
1219 3883 1274 3937 Do-

174 3976 237 4030 nati
253 3975 420 4046 interpretes
438 3977 528 4032 Plinio
549 3978 651 4033 debere
673 3979 782 4046 scirem,
802 3995 884 4048 quem
901 3979 1051 4049 praecipue
1073 3979 1151 4033 libris
1170 3978 1205 4032 de
1223 3977 1275 4032 lin-

175 4089 231 4140 gua
251 4071 338 4127 latins
355 4090 437 4127 usum
456 4091 515 4128 esse
535 4091 619 4144 supra
636 4074 765 4129 uidimus.

275 4169 303 4238 2)
322 4169 377 4224 Pro
395 4169 513 4225 articulo
534 4170 607 4225 enim
625 4170 705 4226 latini
722 4171 758 4226 ad
778 4171 927 4242 explendas
947 4175 1011 4226 osto
1030 4174 1126 4240 partes
1144 4169 1274 4226 interiec-

175 4264 290 4332 tionem,
312 4281 330 4319 α
348 4265 456 4336 graecis
481 4265 615 4320 aduerbio
638 4267 847 4322 adnumeratam
871 4267 915 4335 (el.
935 4267 1016 4321 Dion.
1038 4265 1103 4320 Thr.
1121 4282 1149 4335 p.
1169 4265 1231 4331 642,
1248 4264 1275 4320 3.

177 4359 218 4417 11.
237 4357 281 4428 17)
301 4359 478 4428 addiderunt,
499 4377 581 4430 quem
599 4360 719 4418 Varroni
736 4366 832 4416 notam
850 4362 934 4418 luisse
956 4357 1080 4417 ostendit
1098 4361 1132 4416 ir.
1144 4361 1186 4416 81.
