3126 5146
286 620 329 702 ,H
342 621 450 688 litters
461 620 697 690 eumVarronis
708 619 903 688 sententiam
914 621 1106 708 inprobasse
1117 627 1271 714 supraip.
1280 627 1398 719 setsq.)

296 731 446 814 uidimus,
463 729 503 795 de
524 728 559 796 K
580 753 612 818 p.
622 728 705 796 2218
728 752 804 794 cnm
825 751 864 796 eo
889 731 1059 814 consentit,
1082 732 1112 813 Q
1133 735 1277 802 litteram
1305 759 1349 804 ex
1372 734 1399 804 O

299 840 375 906 etV
387 839 589 927 conpositam
604 859 675 906 esse
694 847 794 924 putat.
817 861 901 924 quac
924 861 1043 908 uereor
1064 843 1199 910 utentis
1220 845 1313 912 firme
1333 846 1399 910 sint

299 950 416 1034 quibus
431 948 494 1015 alia
513 958 729 1036 superstruas,
751 972 828 1016 nam
847 949 890 1016 de
909 948 960 1032 bis
981 949 1098 1018 litteris
1123 973 1189 1018 non
1210 975 1311 1040 agere
1331 978 1397 1024 non

297 1058 414 1146 potnit,
448 1057 503 1142 qui
534 1056 575 1124 de
603 1066 693 1124 recte
722 1057 886 1124 scribendi
914 1058 1039 1126 ratione
1062 1060 1195 1150 scripsit
1226 1071 1260 1128 ct
1284 1057 1396 1132 omncs

297 1167 367 1237 fere
395 1167 598 1255 grammatici
630 1167 717 1234 hanc
751 1188 821 1232 rem
852 1167 1031 1254 attigerunt
1061 1169 1115 1251 (cf.
1149 1170 1270 1238 Donat.
1290 1172 1398 1242 123

299 1297 332 1364 p.
345 1277 436 1342 1736.
451 1275 539 1342 Max.
555 1275 644 1346 Vict.
669 1299 701 1364 p.
713 1275 818 1342 2771..
841 1297 873 1364 p.
883 1277 1007 1344 1945P.
1027 1278 1068 1344 al.
1092 1280 1132 1344 cf·
1155 1279 1399 1350 adnotationem

297 1385 339 1452 ad
360 1385 498 1468 luidb).
531 1394 700 1473 praeterea
722 1384 830 1470 Longi
853 1384 1027 1474 disputatio
1048 1387 1090 1452 ad
1110 1389 1222 1476 plures
1245 1401 1396 1458 auctores

297 1504 432 1584 spectat,
454 1495 540 1562 inter
562 1518 642 1583 quos
664 1519 742 1562 num
765 1495 872 1562 Varro
897 1495 996 1562 fuerit
1018 1496 1152 1564 dubium
1173 1507 1205 1582 et
1226 1520 1265 1566 eo
1291 1499 1395 1568 incer·

297 1605 362 1672 tius
376 1614 435 1688 est,
457 1605 532 1693 quia
551 1614 642 1672 certa
654 1604 839 1672 testimonia
848 1603 1006 1672 Varronis
1026 1627 1109 1692 quac
1129 1608 1286 1695 proferte
1305 1610 1397 1678 libris

298 1714 339 1780 de
359 1735 511 1782 sermone
535 1715 636 1781 latino
657 1714 774 1780 hausit.
795 1713 914 1780 similia
937 1714 977 1782 de
992 1715 1271 1784 MarioVietorino
1286 1721 1397 1788 ualent

298 1825 353 1911 qui
381 1825 416 1892 in
441 1825 547 1912 capite
578 1824 619 1889 de
648 1823 882 1913 orthographia
908 1826 1071 1910 permulta
1099 1826 1198 1892 habet
1229 1849 1310 1916 quae
1340 1853 1394 1919 ap·

297 1937 404 2026 prime
425 1945 501 2024 apte
520 1937 585 2003 huc
611 1936 780 2023 quadrant.

200 2025 207 2038 ⁶
395 2045 433 2112 L.
463 2045 593 2112 Attium
622 2054 755 2134 postam
784 2043 998 2132 probabiliter
1026 2052 1173 2112 statuunt
1204 2045 1274 2112 fere
1309 2067 1395 2114 anno

296 2179 329 2223 u.
340 2153 500 2222 DOLXX
517 2163 682 2220 mortuum
702 2174 774 2220 esse
801 2152 855 2236 (of.
866 2152 995 2220 Ritsehl
1007 2176 1094 2220 mon.
1109 2153 1214 2242 epigr.
1228 2155 1289 2220 tria
1299 2155 1396 2244 pue.

299 2265 342 2334 G.
356 2265 554 2351 Bernhardy
566 2285 667 2330 roem.
684 2263 748 2330 litt.
759 2285 792 2350 p.
804 2261 880 2347 391)
902 2261 1043 2351 ideoque
1065 2273 1141 2332 ante
1162 2264 1251 2330 hunc
1272 2283 1393 2331 annum

296 2376 481 2442 Varronem
503 2375 561 2442 hos
584 2374 686 2440 libros
707 2371 878 2459 scripsisse
902 2393 1038 2438 neccsse
1061 2383 1121 2458 eet,
1146 2373 1354 2461 quodetiam
1376 2397 1395 2440 a

295 2486 368 2553 ueri
400 2483 612 2551 similitudine
644 2506 712 2551 non
745 2480 908 2548 abhorret.
962 2491 1056 2550 uetus
1087 2482 1175 2549 enim
1207 2491 1278 2550 ersi
1304 2505 1390 2550 anno

295 2621 328 2663 u.
346 2593 613 2676 DOXXXVIII,
647 2591 783 2679 triginta
810 2589 912 2678 igitur
939 2613 1041 2658 onnus
1071 2613 1223 2678 egressus
1251 2593 1307 2658 uel
1333 2593 1395 2659 hae

295 2708 366 2773 iere
389 2714 494 2770 aetate
519 2723 599 2793 opus
622 2711 770 2770 nostrum
792 2701 963 2789 conposuit
985 2703 1042 2787 (ef.
1074 2702 1202 2770 Ritsehl
1222 2727 1254 2770 ιι.
1277 2727 1319 2769 m.
1341 2703 1392 2770 rh.

296 2815 347 2882 VI
366 2840 399 2905 p.
409 2815 494 2895 557).

395 2924 540 2992 Transeo
564 2922 606 2989 ad
627 2923 729 2988 libros
760 2923 807 2988 de
831 2922 1005 3010 origine
1025 2923 1199 3010 linguae
1221 2923 1393 3006 latinae,

296 3055 378 3122 quos
398 3044 464 3101 tres
494 3033 594 3102 inisse
615 3033 814 3120 Hieronymi
834 3033 942 3101 indice
965 3034 1094 3102 scimus.
1128 3043 1226 3102 antea
1245 3036 1286 3102 de
1307 3036 1392 3102 libro

295 3146 402 3235 primo
426 3153 552 3210 tentum
574 3143 677 3210 semel
697 3166 717 3208 a
740 3142 907 3209 Prisciano
938 3145 1017 3211 139
1037 3146 1123 3233 p.30
1152 3154 1394 3211 conmemorate

296 3251 474 3333 constabat,
512 3250 767 3339 quamprimum
791 3271 863 3316 esse
890 3250 931 3316 de
951 3250 1067 3337 lingua
1096 3252 1198 3318 latina
1217 3251 1395 3318 uoluerunt

296 3362 350 3448 (ci.
362 3361 399 3428 L.
413 3361 562 3451 Spengel
574 3361 724 3426 edVarr.
736 3383 769 3449 p.
781 3361 809 3425 l.
820 3359 891 3428 592.
915 3359 955 3428 Ο.
967 3359 1109 3428 Mueller
1122 3360 1270 3428 edVarr.
1281 3382 1313 3447 p.
1321 3359 1394 3428 264.

295 3475 336 3540 oi.
360 3472 455 3562 paed.
487 3470 569 3559 phil.
597 3471 658 3536 litt.
684 3470 729 3536 bl.
753 3470 783 3536 d.
809 3469 889 3556 allg.
922 3468 1115 3556 schulneitg.
1140 3469 1219 3534 1827
1239 3469 1277 3536 II
1298 3491 1331 3558 p.
1344 3469 1391 3554 4),

296 3605 392 3672 quam
415 3581 634 3648 coniecturam
656 3601 716 3669 per
739 3601 774 3646 se
795 3601 910 3668 parum
932 3579 1136 3668 probabilem
1157 3578 1210 3664 (of.
1236 3576 1279 3646 G.
1303 3579 1393 3666 Papo

295 3691 372 3758 lect.
392 3689 489 3756 Varr.
511 3713 543 3778 p.
556 3687 609 3755 41.
630 3689 749 3756 atachr.
771 3689 793 3756 f.
816 3688 945 3756 alterth.
970 3687 1053 3753 1834
1070 3710 1102 3776 p.
1116 3687 1178 3754 215
1191 3689 1254 3776 sq.)
1278 3686 1395 3754 Hiero·

295 3798 388 3886 nymi
410 3796 634 3864 testimonium
656 3796 807 3885 explosit.
843 3796 1029 3881 fragmento
1051 3816 1166 3862 uerum
1187 3820 1206 3862 a
1226 3795 1395 3864 Prisciaue

296 3916 426 3974 seruato
450 3906 503 3990 (fr.
525 3908 598 3987 107)
630 3906 664 3970 in
685 3906 747 3972 hoc
778 3925 907 3993 quoque
927 3926 1027 3992 opere
1047 3904 1090 3969 de
1110 3904 1293 3970 litterarum
1318 3927 1394 3990 qua·

294 4017 435 4086 rundum
459 4017 618 4104 scriptura
638 4024 670 4082 ct
689 4014 953 4105 pronuntiatione
975 4024 1084 4082 actum
1101 4014 1201 4080 fuisse
1226 4014 1392 4080 docemur.

294 4136 379 4196 teste
409 4125 495 4194 enim
524 4124 570 4194 M.
592 4124 748 4192 Terentio
770 4125 844 4208 Ion,
878 4144 975 4209 quem
996 4122 1115 4191 (ibium
1143 4144 1214 4190 esse
1244 4123 1394 4212 probabi·

294 4237 369 4302 liter
397 4235 578 4325 suspicatus
608 4242 657 4299 est
677 4233 716 4300 F.
739 4233 795 4299 W.
820 4232 1055 4302 Schneidewin
1083 4255 1116 4298 ιι.
1137 4255 1220 4302 mus.
1242 4232 1291 4298 rh.
1318 4231 1389 4300 Vll

295 4367 327 4434 p.
343 4346 405 4410 463
436 4343 490 4432 (ci.
512 4343 551 4410 B.
582 4353 637 4410 ten
659 4343 766 4408 Brink
786 4342 880 4410 Varr.
905 4343 995 4409 loeus
1024 4341 1066 4408 de
1093 4343 1164 4408 urb.
1185 4339 1290 4407 Roma
1307 4361 1341 4429 p.
1357 4341 1389 4408 2.
