3152 5142
827 493 866 550 52

268 691 269 694 ¹
295 677 405 734 autem
415 668 619 734 Varroniana
637 664 687 730 his
710 665 821 732 uerbis
847 665 880 748 (ἓ
895 665 948 750 17)
971 673 1048 750 Quot
1068 689 1137 750 erqo
1157 674 1217 732 etot
1234 673 1394 747 prosodiae

279 781 453 845 'dicendam
477 789 526 844 est.
571 798 652 864 quae
675 775 762 842 enim
786 775 988 862 praecedunt
999 777 1033 861 ¹),
1056 775 1207 860 quamuis·
1224 797 1262 840 ea
1287 775 1392 862 primo

295 889 409 954 obtutu
428 886 625 974 principium
647 885 743 952 huius
764 885 898 950 alterius
928 886 1155 974 disputationis
1189 907 1261 952 esse
1293 886 1393 952 facile

296 995 486 1079 contendas,
501 995 619 1084 partim
631 995 790 1061 Varronis
811 996 991 1061 sententiae
1012 1005 1208 1084 repugnant,
1232 995 1286 1080 qui
1308 995 1394 1062 infra

295 1107 328 1191 (ξ
346 1105 396 1172 24.
420 1106 453 1191 8)
480 1106 571 1172 uocis
599 1106 804 1171 altitudinem
836 1105 983 1172 sednon
1012 1116 1162 1194 tempora
1192 1105 1394 1190 syllabarum

295 1215 483 1282 accentibus
507 1214 649 1280 discerni
673 1215 761 1298 dicit,
794 1216 912 1302 partim
943 1237 959 1280 e
982 1217 1188 1304 paragrapho
1213 1215 1319 1304 prima
1342 1237 1394 1281 re·

296 1325 398 1414 petita
425 1334 508 1408 sunt,
542 1325 660 1412 partim
688 1325 731 1390 ad
753 1325 955 1414 superiorem
976 1325 1213 1413 expositionem
1234 1331 1393 1413 spactant.

295 1437 424 1523 reliqua
451 1435 611 1521 neglectis
641 1435 686 1500 eis
719 1458 801 1522 quae
832 1435 929 1504 Serui
958 1455 1029 1501 esse
1060 1457 1113 1500 res
1145 1437 1216 1524 ipsa
1236 1436 1331 1501 docet
1351 1436 1394 1500 ad

295 1545 479 1610 Varronem
506 1545 625 1628 refero,
655 1543 746 1610 cuius
763 1541 946 1632 ¹praeterea
975 1545 1172 1632 paragraphi
1204 1545 1281 1610 illae
1312 1544 1395 1610 duae

296 1651 460 1741 prioribus
485 1652 653 1741 particulis
675 1652 886 1740 interpositae
912 1651 955 1736 (7.
976 1654 1009 1733 8)
1038 1662 1123 1737 sunt,
1156 1653 1190 1716 in
1211 1652 1328 1739 quibus
1352 1675 1395 1718 ex

296 1770 389 1848 parte
411 1761 525 1826 eadem
544 1760 693 1826 doctrina
714 1761 854 1826 recurrit
875 1769 907 1825 et
930 1759 1101 1826 interiores
1124 1760 1217 1827 uocis
1236 1771 1267 1826 et
1282 1783 1395 1826 accen·

297 1880 388 1937 tuum
408 1871 500 1957 leges
524 1879 712 1955 tractantur,
734 1869 852 1958 quibus
874 1879 985 1935 cetera
1005 1869 1162 1934 nituntur.

397 1979 523 2046 Vocem
548 1979 635 2045 enim
654 2001 773 2066 corpus
796 2001 867 2044 esse
891 1977 998 2044 Varro
1020 1977 1130 2044 docuit
1149 1979 1203 2062 (fr.
1220 1979 1275 2064 55)
1299 1979 1396 2067 eique

297 2098 472 2179 propterea
481 2089 644 2176 triplicem
656 2089 812 2154 obuenire
824 2088 1059 2172 extensionem,
1073 2088 1314 2176 longitudinem
1325 2089 1396 2152 alti·

298 2200 445 2265 tudinem
466 2198 726 2282 erassitudinem‚
747 2199 781 2263 in
803 2208 942 2284 utroque
964 2199 1141 2264 stoicorum
1165 2199 1282 2286 placita
1305 2219 1398 2264 seeu-

299 2309 394 2391 rusb.
405 2309 645 2396 longitudinem
654 2319 801 2398 tempore
811 2317 843 2372 et
854 2308 989 2396 syllabis
1000 2308 1117 2391 metiri,
1126 2308 1261 2394 reliquis
1273 2309 1399 2394 duabus

300 2420 477 2487 conuenire
489 2430 659 2486 accentum
669 2429 701 2484 et
713 2419 861 2505 spiritum
871 2418 963 2483 dixit.
978 2419 1087 2485 omnia
1097 2419 1179 2484 haec
1188 2419 1248 2484 tria
1259 2418 1330 2485 sine
1340 2418 1399 2484 du·
1452 2495 1456 2504 ¹

301 2532 354 2598 bio
367 2531 439 2621 pari
451 2530 630 2596 subtilitate
640 2553 677 2596 ac
690 2529 859 2616 diligentia
870 2539 1060 2616 persecutus
1074 2538 1133 2614 est,
1149 2551 1287 2614 quorum
1299 2551 1399 2594 unum

299 2650 424 2708 tantum
437 2639 599 2729 quombdo
613 2639 683 2706 iere
696 2639 891 2728 explicuerit
903 2639 1000 2708 Serui
1013 2639 1168 2725 opusculo
1183 2639 1348 2705 doeemur.
1364 2641 1399 2704 in

299 2761 437 2819 accentu
461 2751 547 2817 enim
569 2751 631 2815 tria
650 2773 763 2816 rursus
784 2749 930 2838 respexit
945 2750 1000 2832 (fr.
1013 2750 1086 2834 b9lr
1111 2750 1279 2815 materiam
1291 2749 1400 2814 locum

299 2876 449 2933 naturam
471 2862 652 2953 prosodiae.
677 2871 712 2926 ut
735 2861 843 2928 omnia
867 2859 1087 2946 neglegenter
1113 2870 1146 2924 et
1167 2881 1282 2947 parum
1298 2879 1401 2924 accu-

300 2987 370 3044 rate
392 2973 566 3063 excerpsit,
587 2972 640 3038 hie
662 2993 791 3060 quoquo
812 2970 914 3035 multa
934 2971 1042 3035 omisit
1055 2969 1203 3054 Seruius,
1225 2968 1288 3033 duo
1308 2989 1398 3056 prae·

402 3242 429 3307 1)
448 3241 560 3297 Seruius
580 3241 642 3306 §16
660 3259 685 3310 p.
696 3241 760 3295 530:
789 3241 938 3296 ‘Accentus
961 3240 1074 3311 proprie
1094 3243 1212 3310 qualitas
1232 3243 1401 3311 syllabarum

303 3339 358 3394 hoc
378 3341 421 3392 ast
441 3336 576 3391 indicium
594 3341 721 3405 tempora
740 3336 913 3404 syllabarum,
932 3341 1060 3390 naturam
1079 3338 1299 3408 positionemque
1318 3339 1404 3410 signi·

307 3435 401 3490 licens.
429 3438 494 3489 sunt
515 3433 587 3488 enim
608 3437 678 3488 tres:
704 3438 801 3488 acutus
820 3433 913 3503 grauis
931 3432 1057 3487 inflexus.
1084 3434 1113 3486 hi
1132 3451 1149 3486 a
1167 3437 1274 3504 graecis
1294 3454 1403 3508 προσῳ-

304 3533 363 3586 δίαι
376 3531 518 3588 dicuntur.
536 3547 602 3600 ergo
621 3531 650 3584 in
668 3530 722 3585 boc
740 3547 908 3600 cognoscere
927 3530 1019 3598 debes,
1030 3547 1164 3599 quaenam
1181 3532 1322 3601 (quoniam
1333 3536 1402 3604 cod.)

306 3629 402 3684 littera
420 3628 524 3683 uocalis
542 3627 618 3697 capit
636 3627 714 3695 (iacit
724 3630 793 3695 cod.)
813 3631 959 3682 accentum
979 3627 1128 3681 seeundum
1147 3628 1273 3684 ordinem
1286 3630 1403 3698 syllaba·

304 3743 366 3781 rum
385 3724 534 3780 cuiuslibet
551 3723 640 3793 partis
656 3722 791 3777 orationis
808 3722 898 3793 primo
915 3723 988 3788 loce,
1008 3723 1129 3779 secundo
1151 3725 1197 3779 uel
1215 3725 1311 3780 tertio.

405 3825 434 3888 2)
454 3819 546 3874 Laert.
567 3818 762 3888 DiogNIIsb.
789 3821 871 3891 σῶμα
890 3819 915 3872 δ’
933 3819 1008 3875 ἔστὶν
1026 3818 1042 3887 ἡ
1061 3818 1140 3893 φωνὴ
1159 3818 1226 3876 κατὰ
1244 3819 1306 3882 τοὺς
1323 3839 1403 3878 στωι-

307 3916 371 3979 κοὺς
388 3915 424 3980 ὥς
441 3935 528 3991 φησιν
547 3911 714 3988 Ἀρχέδημός
732 3933 761 3969 τε
778 3917 810 3972 ἐν
826 3918 858 3989 τῇ
874 3921 937 3986 περὶ
955 3919 1049 3990 φωνῆς
1066 3923 1112 3972 καὶ
1130 3898 1265 3990 Διογένης
1282 3924 1328 3974 καὶ
1345 3917 1403 3978 Ἅν-

308 4021 436 4087 τίπατρος
453 4019 498 4068 καὶ
517 4008 683 4086 Χρύσιππος
701 4013 731 4068 ἓν
747 4015 779 4086 τῇ
797 4013 909 4084 δευτέρᾳ
927 4016 982 4068 τῶν
999 4015 1130 4087 φυσικῶν.
1150 4015 1277 4088 adeptio
1294 4015 1324 4071 τὸ
1344 4039 1403 4072 ποι-

308 4115 357 4168 οῦν
376 4106 458 4184 σῶμά
477 4113 542 4178 ἐστι,
560 4117 635 4164 ποιεῖ
651 4108 718 4177 diri
744 4108 824 4192 φωνὴ
849 4112 997 4182 προςιοῡσα
1021 4119 1077 4171 τοῖς
1098 4107 1244 4168 ἀκούουσιν
1269 4111 1326 4168 ἀπὸ
1349 4117 1404 4170 τῶν

311 4203 486 4283 φωνούντων.
523 4207 647 4261 v11135.
674 4208 755 4279 σῶμα
775 4208 800 4258 δ’
818 4208 884 4274 ἔστί,
910 4212 997 4280 φησὶν
1014 4204 1219 4281 Ἀπολλόδωρος
1240 4211 1272 4264 ἐν
1294 4213 1327 4285 τῇ
1349 4231 1403 4284 φυ-

309 4306 379 4379 σικῇ,
399 4303 429 4359 τὸ
448 4306 526 4376 τριχῆ
544 4298 700 4371 διαστατόν,
719 4308 757 4363 εἰς
776 4305 865 4375 μῆκος
882 4308 920 4364 εἰς
936 4300 1038 4365 πλάτος
1053 4311 1092 4366 εἰς
1108 4302 1204 4375 βάθος
1222 4308 1300 4361 τοῦτο
1316 4308 1348 4361 di
1359 4313 1404 4362 rut

212 4427 214 4430 ·
307 4400 419 4475 στερεὸν
437 4403 519 4475 σῶμα
538 4403 664 4454 καλεῖται.
701 4402 735 4456 ef.
755 4402 832 4458 Stob.
851 4403 907 4457 ecl·
923 4403 1001 4472 phys.
1022 4404 1079 4458 115
1098 4403 1352 4474 peecatorem.
