3126 5146
714 473 773 534 tot

197 649 357 738 Vigilant.
378 651 415 717 3:
437 657 658 718 dictatiuneata.
699 649 887 738 Symmaein
909 649 1003 738 epist.
1018 648 1070 718 VI
1086 648 1132 734 4).
1163 665 1293 721 errores

196 770 304 826 autem
328 760 363 826 in
382 759 590 845 antiquorum
610 760 701 828 libris
723 768 779 826 aut
798 780 900 848 praue
921 759 1094 826 seribendo
1115 767 1170 824 aut
1192 779 1293 846 praue

197 869 350 938 dictando
374 871 600 936 nascebantur.
624 871 760 942 alterum
785 869 968 950 membrum
990 867 1106 942 adres
1122 892 1141 936 a
1155 867 1292 956 scripto-

195 980 286 1046 ribus
309 979 444 1045 traditas
464 987 600 1067 speetat,
624 1001 707 1067 quae
728 978 910 1046 seeundum
935 977 1139 1066 singulorum
1162 986 1291 1044 senten-

194 1088 272 1156 tiam
294 1097 327 1154 et
357 1089 582 1156 auctoritatem
603 1088 815 1178 accipiendae
839 1086 913 1171 sint,
948 1087 1035 1175 quod
1067 1085 1213 1152 historici
1237 1086 1293 1152 uel

195 1197 394 1284 mythologi‚
415 1197 474 1263 sed
496 1219 562 1262 non
585 1197 802 1262 emendatoria
823 1205 883 1262 est.
915 1195 1015 1262 iudici
1035 1196 1217 1262 membrum
1242 1216 1292 1260 se·

195 1307 337 1374 eundum
360 1307 401 1372 de
430 1306 609 1372 aesthetioa
639 1306 836 1394 scriptorum
859 1304 1081 1372 aestimatione
1106 1325 1188 1390 quae
1212 1303 1292 1371 Dio·

194 1416 282 1503 nysii
295 1417 399 1496 apr'org
416 1425 475 1500 est,
486 1437 587 1503 agere
599 1417 751 1500 uidimus,
763 1415 853 1504 priua
865 1423 974 1482 autem
986 1415 1013 1481 si
1022 1423 1293 1497 promoturum

193 1525 316 1614 premis
340 1524 578 1592 adlectionem
600 1525 810 1592 referendum
833 1533 893 1610 est,
915 1525 941 1591 si
964 1523 1208 1612 pronuntiatum
1221 1544 1292 1612 pro

194 1641 303 1702 dutum
322 1634 454 1724 accipis,
474 1634 562 1702 idem
582 1637 653 1702 fere
676 1635 762 1722 quod
777 1635 916 1700 alterum
937 1633 1120 1700 membrum
1135 1632 1293 1718 eontinet3

194 1765 273 1810 uero
301 1743 389 1810 enim
420 1745 571 1810 carminis
602 1744 768 1811 cuiusdam
802 1744 857 1810 uel
887 1742 1000 1831 scripti
1020 1742 1202 1810 aestimatio
1225 1761 1292 1808 uon

194 1853 363 1943 perficitur
391 1853 453 1920 nisi
480 1853 620 1941 singulis
651 1853 851 1942 ponderatis,
884 1877 965 1920 num
995 1861 1083 1918 reete
1115 1874 1157 1917 an
1190 1867 1292 1938 praue

194 1963 283 2056 diota
301 1963 376 2029 sint.
399 1985 473 2028 oum
494 1985 574 2030 uero
589 1963 623 2030 in
645 1962 1031 2030 lectione-emendatione
1045 1960 1166 2043 iudicio
1180 1961 1292 2050 priora

195 2073 341 2138 membra
370 2073 454 2140 male
481 2093 516 2138 se
540 2074 663 2140 habere
685 2073 739 2139 uel
758 2075 878 2142 saltem
903 2073 943 2138 ad
967 2071 1151 2137 Varronem
1172 2068 1289 2138 referri

192 2203 259 2248 non
280 2201 377 2269 posse
399 2204 487 2248 nune
509 2181 717 2248 manifestum
740 2181 792 2266 sit,
827 2181 916 2248 idem
937 2181 979 2246 de
1005 2178 1212 2248 enarratione
1235 2203 1290 2254 ua:

190 2292 248 2377 let,
276 2291 334 2358 nbi
363 2291 586 2357 ‘obscurorum
612 2313 765 2360 sensuum
797 2291 1065 2379 quaestionumue
1093 2289 1289 2378 explanatio'

191 2408 226 2467 ot
246 2400 385 2466 barbare
408 2400 494 2466 dieta
527 2410 560 2466 et
587 2423 829 2489 superuacanea
852 2411 901 2468 est
925 2403 978 2482 (of.
998 2400 1090 2469 Sext.
1105 2398 1201 2487 Emp.
1215 2398 1289 2468 adu.

191 2533 329 2598 gramm.
351 2510 416 2591 93).
440 2511 486 2576 sio
512 2519 667 2598 quantum
688 2512 759 2578 fieri
789 2511 896 2598 potuit
919 2509 1077 2579 Varronis
1102 2509 1250 2578 doctrina
1263 2510 1288 2593 ¹)

191 2629 394 2708 recuperata,
416 2620 553 2706 adparet
576 2641 671 2704 quum
691 2629 762 2686 arto
791 2620 922 2687 uinoulo
949 2643 1025 2686 eum
1046 2618 1290 2688 Alexandrino-

190 2751 265 2794 rum
287 2728 468 2816 praeeeptis
491 2750 529 2793 ea
547 2728 720 2794 ooniunota
741 2752 779 2794 ae
801 2729 952 2817 copulata
969 2728 1022 2794 sit.

292 2837 410 2904 Peneis
434 2861 521 2906 nune
543 2839 765 2926 quaerendum
780 2849 839 2922 est,
863 2863 942 2906 num
957 2841 1039 2908 haee
1052 2840 1168 2906 harum
1179 2861 1290 2908 rerum

197 2945 487 3036 coniunctionum
512 2948 627 3013 nititur
646 2948 680 3013 in
702 2949 888 3035 fragmento
911 2949 962 3034 91,
989 2952 1126 3017 fortasse
1149 2949 1220 3014 aliia
1242 2973 1288 3016 re·

190 3053 334 3122 tionibus
356 3055 489 3122 defendi
510 3057 623 3144 possit.
653 3058 850 3124 Ritsohelius
877 3059 977 3145 enim,
1009 3081 1084 3125 eum
1116 3059 1175 3124 has
1208 3058 1290 3126 duas

146 3179 153 3189 ·
193 3163 372 3232 diuisiones
406 3165 493 3232 inter
527 3188 562 3232 se
594 3189 660 3232 non
690 3167 865 3236 conuenire
895 3168 1033 3253 uideret,
1069 3168 1214 3256 priorem
1248 3167 1290 3236 ad

191 3274 447 3362 grammaticam,
486 3275 621 3341 alteram
653 3276 695 3344 ad
729 3277 818 3343 aliud
851 3278 1015 3364 quoddam
1049 3299 1131 3368 opus
1164 3277 1291 3346 retulit

190 3385 330 3470 (quaest.
352 3383 450 3450 Varr.
473 3407 505 3472 p.
519 3385 562 3470 t).
583 3386 724 3474 primum
747 3399 855 3454 autern
869 3387 1077 3456 Victorinum
1099 3397 1132 3454 et
1153 3388 1288 3456 Diome·

192 3494 277 3577 dem,
300 3493 388 3582 apud
410 3515 492 3582 quos
513 3495 594 3562 haee
616 3496 801 3562 testimonia
825 3507 948 3580 extant,
980 3496 1091 3564 multis
1123 3498 1221 3565 rebus
1244 3497 1289 3564 ite

192 3603 378 3670 consentire
393 3603 545 3688 uidimus,
567 3614 608 3676 ut
624 3627 758 3674 neeesse
781 3607 823 3674 sit
846 3607 986 3674 eundem
1009 3615 1176 3674 auctorem
1195 3631 1288 3674 usur-

189 3713 351 3801 pauerint.
374 3713 431 3780 ille
449 3713 551 3800 igitur
571 3725 684 3782 auotor
704 3716 794 3782 initio
817 3716 925 3806 operis
941 3717 991 3784 sui
1004 3716 1162 3785 Varronis
1177 3739 1287 3804 gram-

188 3820 340 3888 matioam
362 3822 526 3890 consuluit
547 3834 580 3890 et
610 3824 687 3891 inde
718 3847 801 3913 quae
830 3835 906 3913 apta
934 3826 965 3892 oi
992 3827 1188 3894 uidebantur
1208 3827 1287 3896 satis

189 3941 342 3998 aeeurote
363 3933 538 4000 transtulit.
563 3957 605 4000 ex
627 3957 666 4004 eo
697 3935 775 4022 (nisi
804 3935 891 4024 quod
914 3935 950 4003 in
970 3936 1021 4004 his
1043 3938 1142 4006 rebus
1161 3937 1283 4026 ubique

188 4091 387 4102 —-.-—-..

289 4193 318 4264 1)
337 4193 476 4251 Steinthal
492 4197 539 4253 Li.
551 4216 579 4268 p.
588 4196 642 4252 547
654 4197 690 4251 in
698 4197 841 4254 Diomedis
859 4199 1016 4280 socordiam
1034 4203 1063 4254 et
1081 4198 1288 4270 neglegentiam

190 4290 273 4346 nimis
291 4292 458 4348 festinanter
476 4293 584 4349 inuexit
604 4313 693 4364 neque
712 4296 778 4365 quid
797 4297 871 4367 apud
892 4314 955 4352 eum
971 4296 1093 4352 melioris
1112 4303 1186 4355 esset
1203 4302 1288 4354 notae

188 4384 318 4446 exeusrit.
402 4437 406 4448 ,
