3126 5146
720 465 760 524 83

188 639 309 706 ιιιίιιιιιιι
331 650 465 726 tautum,
484 663 567 727 quae
590 643 688 710 scribi
711 653 819 732 potest
841 643 876 708 id
898 653 948 710 est
967 657 1068 712 orator
1086 655 1215 714 tendet
1236 654 1287 714 do·

187 761 255 835 cuit,
287 761 319 816 et
350 707 434 816 disis
456 751 628 818 articulata
656 753 742 840 quod
765 753 903 820 articulo
924 755 993 834 [sic]
1018 755 1189 821 scribentis
1212 779 1286 823 cour

186 860 367 945 praehendi
394 861 507 948 possit.
551 863 688 928 confusa
719 869 768 928 est
796 885 877 951 quae
899 863 996 928 scribi
1016 887 1083 932 non
1100 873 1222 952 potest,
1250 875 1286 932 ut

185 977 264 1055 puta
293 970 384 1033 uelut
412 967 523 1034 ouium
550 970 685 1052 balatus,
719 970 792 1058 equi
821 971 975 1054 hinnitus,
1007 974 1149 1060 mugitus
1181 975 1285 1058 bouis,

185 1077 322 1144 latratus
346 1078 435 1142 canis
459 1088 491 1143 et
516 1087 634 1163 cetera,
658 1080 716 1145 sed
737 1080 905 1146 articulata
927 1104 1003 1165 uox,
1026 1105 1220 1171 quamquam
1244 1086 1286 1151 sit

186 1185 316 1272 prolixa
340 1185 453 1270 oratio,
476 1187 614 1252 soluitur
635 1197 667 1253 et
689 1189 765 1254 facit
786 1211 981 1256 sermonem.
1025 1191 1144 1256 iterum
1164 1213 1284 1262 sermo·

185 1316 261 1360 uem
282 1295 382 1360 soluis
404 1305 437 1360 et
458 1295 535 1361 iacit
553 1298 725 1382 syllabam.
762 1297 787 1362 si
808 1321 887 1363 uero
912 1299 1071 1384 syllabam
1093 1301 1210 1380 suluas,
1234 1324 1284 1367 re·

186 1411 296 1468 manet
317 1403 435 1486 littera,
457 1414 490 1486 et
511 1403 574 1470 iam
597 1428 663 1470 uon
685 1406 834 1494 procedit
856 1407 944 1473 ultra
965 1407 1066 1492 (ultro
1089 1413 1164 1490 cod.)
1196 1433 1284 1476 reso·

185 1512 289 1578 lutio'.
313 1513 515 1600 singularum
533 1515 714 1580 litterarum
728 1523 923 1603 potestatem
940 1540 977 1582 ac
987 1520 1286 1604 pronuntiationem

186 1621 370 1688 Varronem
395 1622 559 1690 subtiliter
581 1624 763 1712 explicasse
794 1625 893 1692 credo
925 1636 958 1690 et
990 1626 1065 1692 huic
1091 1641 1284 1713 argumento

185 1740 289 1796 totum
312 1732 432 1796 librum
455 1731 595 1798 dedisse.
618 1733 659 1798 de
672 1735 764 1798 cuius
778 1734 1005 1822 disputationis
1016 1737 1186 1822 relliquiis,
1199 1759 1284 1828 quae

186 1841 400 1929 probabiliter
419 1842 460 1907 ad
481 1843 568 1908 hunc
590 1843 699 1908 locum
721 1843 836 1910 referri
860 1845 984 1930 possint
1005 1845 1089 1910 infra
1106 1845 1222 1913 dicam.
1247 1850 1282 1914 in

184 1949 256 2016 aliis
290 1972 418 2036 quoque
450 1951 540 2018 libris
574 1973 640 2016 non
663 1973 777 2037 pauca,
812 1975 893 2040 quae
916 1955 1000 2018 bene
1031 1955 1096 2018 buc
1120 1956 1281 2040 quadrent

188 2059 353 2148 disputata
376 2081 446 2126 esse
467 2055 553 2126 iufra
573 2062 750 2149 adparebit.
822 2130 824 2135 ,

283 2169 413 2234 Libro
443 2170 625 2236 secundo
653 2171 791 2236 alterum
823 2171 911 2258 quod
938 2172 974 2238 in
1000 2173 1172 2240 Diomedis
1196 2174 1280 2240 libro

187 2281 329 2346 secundo
344 2283 389 2370 (p.
403 2283 543 2366 428,22)
564 2282 686 2369 legitur
707 2284 927 2368 fragmentum
942 2284 996 2365 (ir.
1008 2283 1064 2368 49)
1087 2284 1204 2367 tribuo,
1228 2284 1284 2350 mi·

187 2412 260 2455 sere
285 2401 477 2478 excerptum
499 2412 542 2455 ex
565 2391 716 2476 longiore
740 2391 960 2478 disputatione
984 2392 1176 2458 denariis
1200 2394 1283 2478 syl-

186 2500 371 2566 labarum
392 2499 635 2585 generibus.
669 2499 751 2566 duae
778 2501 971 2586 praesertim
994 2500 1114 2566 classes
1139 2501 1281 2567 discerni

185 2617 331 2696 pessunt.
355 2631 430 2672 uam
452 2617 526 2672 sunt
557 2617 612 2672 aut
638 2605 795 2672 barbarae
823 2618 878 2673 aut
908 2609 1081 2695 graeculae
1110 2619 1165 2674 aut
1195 2609 1283 2697 quod

187 2716 310 2782 addere
329 2716 408 2784 licet
430 2716 560 2803 latinae,
584 2716 704 2782 deinde
725 2717 808 2784 aliae
830 2738 964 2804 asperae
984 2717 1066 2788 aliae
1079 2718 1180 2802 leues,
1199 2717 1280 2784 aliae

187 2847 344 2914 procerae
358 2826 440 2892 aliae
461 2825 652 2910 retorridae,
675 2825 758 2890 aliae
780 2824 880 2890 durae
900 2826 983 2890 aliae
1005 2827 1130 2892 melles.
1150 2827 1281 2913 singula

187 2935 265 3002 satis
287 2934 419 3023 copiose
442 2935 595 3024 persequi
617 2934 767 3017 debebat,
788 2934 847 3000 uix
868 2933 955 3000 enim
974 2935 1052 3020 quid
1065 2935 1279 3020 praetereaiu

184 3045 248 3110 hoe
261 3045 345 3110 libre
359 3044 544 3110 tractauerit
558 3042 718 3126 inuenies,
736 3066 884 3128 quocum,
907 3044 933 3109 si
955 3043 991 3108 in
1009 3045 1071 3110 hoc
1084 3054 1278 3129 argumente

187 3153 361 3240 acquieuit,
395 3153 516 3239 optimo
548 3152 701 3220 conuenit
728 3154 812 3220 liber
841 3154 954 3220 tertius
979 3173 1075 3239 quem
1100 3153 1142 3218 de
1166 3152 1282 3242 spiritu

186 3274 323 3330 accentu
352 3262 557 3348 longitudine
585 3263 787 3347 syllabarum
814 3263 913 3329 fuisse
941 3263 1073 3329 seimus.
1105 3285 1215 3348 neque
1239 3285 1283 3329 ex

185 3375 314 3440 duobus
337 3373 540 3458 fragmentis,
564 3394 645 3456 quae
670 3371 759 3439 Gelli
790 3372 980 3458 diligentiae
1009 3371 1166 3438 debemus
1188 3373 1280 3457 quid·

186 3506 283 3570 quam
307 3481 431 3570 conligi
453 3491 570 3569 potest,
590 3480 652 3547 nisi
675 3481 761 3567 quod
783 3483 916 3547 uberius
929 3483 974 3550 'de
993 3481 1281 3570 praestantioribus

186 3593 299 3658 formis
320 3591 554 3660 uocabulorum
575 3589 684 3677 egisse
714 3602 747 3656 et
779 3590 889 3656 multis
912 3592 1073 3678 exemplis
1102 3612 1172 3655 rem
1203 3590 1282 3682 scri*

186 3711 313 3790 ptorem
335 3700 524 3766 inlustrasse
549 3700 780 3766 demonstrant.
824 3701 927 3764 altero
948 3701 1001 3782 (fr.
1018 3700 1074 3794 53)
1104 3707 1281 3766 uaditamsm

185 3834 251 3876 nou
284 3819 432 3880 restitutura
458 3810 598 3875 Varroni
631 3809 793 3895 placuisse
831 3808 994 3893 discimus,
1026 3808 1101 3893 quia
1130 3819 1280 3874 ueterum

187 3920 361 3986 auctoritas
385 3920 469 3985 illud
491 3919 651 4005 exegerit,
671 3919 811 3984 alterurn
839 3918 892 4002 (fr.
905 3919 959 4004 54)
988 3917 1135 3983 continet
1155 3917 1281 3989 bellum

184 4029 337 4118 aenigma
359 4029 399 4094 de
414 4029 579 4112 Termino,
599 4039 635 4093 ut
657 4028 782 4093 dudum
804 4028 1007 4093 intellectum
1031 4033 1089 4108 est,
1113 4025 1281 4112 qnedrqua

185 4139 356 4206 occasione
372 4139 527 4204 adtulerit
541 4138 726 4208 coniectura
742 4137 875 4222 adsequi
890 4159 1028 4221 nequeo.
1050 4144 1281 4220 argumentum

187 4271 265 4316 nero
287 4247 362 4316 libri
384 4257 421 4311 ut
442 4256 554 4335 aperte
575 4246 663 4333 quod
685 4245 869 4332 significaui
891 4244 1009 4326 dicam,
1032 4243 1233 4327 syllabarum
1249 4251 1283 4306 et

186 4357 421 4425 uocabulorum
441 4381 522 4446 pura
537 4367 568 4422 et
583 4355 754 4421 emendata
774 4353 1071 4443 pronuntiatio
1098 4355 1154 4437 (cf.
1166 4353 1280 4437 Quint.
