3126 5146
685 485 744 544 147

173 675 240 724 nou
261 657 359 723 modo
380 656 464 726 nihil
486 657 646 724 minutum
670 658 712 724 sit
735 659 793 725 sod
818 659 944 746 aliquid
972 661 1070 728 etism
1101 663 1269 730 eleuet-it?

171 765 309 832 dicimus
331 770 440 831 temon
457 777 594 856 propter
614 768 778 853 quendem
798 769 1002 836 uioinitntem
1024 770 1184 838 minutum
1208 795 1268 861 pro

172 897 284 962 pomo.
314 876 376 944 sed
403 877 485 944 haee
511 879 623 946 abusio
648 880 682 944 in
705 889 867 967 potestate
891 880 1055 966 loquentis
1079 890 1137 966 est,
1169 883 1268 948 hebet

170 983 258 1050 enim
280 999 416 1072 potuum
438 994 475 1052 ut
495 987 656 1054 minutum
676 1009 745 1054 non
764 988 862 1054 dieat
894 987 976 1054 illud
998 990 1104 1076 magis
1124 983 1267 1078 pertinet

133 1093 209 1158 ted
238 1093 272 1157 ld
304 1095 392 1181 quod
419 1118 506 1161 nuno
537 1097 688 1163 uolumus
718 1097 902 1181 ostendere,
936 1098 1024 1183 quod
1045 1122 1120 1166 oum
1141 1099 1266 1188 pisoins

168 1201 287 1267 dieitur
309 1202 345 1268 in
363 1203 500 1289 balneis,
520 1204 555 1270 in
577 1218 642 1292 qun
661 1205 800 1295 piscium
822 1206 907 1272 nihil
928 1207 968 1273 sit
990 1207 1136 1294 nihilque
1158 1210 1263 1276 simile

165 1309 312 1399 piscibus
341 1313 469 1398 hebeat,
500 1312 631 1380 uidetur
658 1324 769 1382 tamen
798 1341 816 1381 o
843 1316 988 1404 piscibus
1017 1316 1104 1384 dioto
1130 1328 1266 1407 pnoptoi

166 1437 294 1506 equum,
315 1421 372 1487 ubl
384 1421 527 1510 piscibus
544 1423 612 1488 ulto
626 1434 694 1490 esti·
707 1425 752 1490 its
771 1425 968 1490 uooobulum
984 1449 1052 1494 uon
1072 1429 1264 1507 translatum

166 1528 390 1609 similitudine,
415 1529 474 1597 sed
497 1530 638 1617 quadam
660 1530 827 1597 uicinitate
848 1543 1039 1621 usurpatum
1054 1545 1112 1602 ost
1134 1537 1265 1622 quodsi

116 1637 240 1723 loquis
264 1637 350 1707 diost
370 1639 519 1706 homines
541 1641 686 1728 pisoibus
709 1641 998 1710 similesnetoudo
1028 1645 1099 1712 fiori
1129 1653 1163 1710 et
1187 1646 1264 1711 inde

164 1746 311 1834 piscinae
333 1765 452 1814 nomen
476 1759 687 1835 mennatum,
716 1752 854 1818 stultum
882 1761 934 1816 est
958 1767 1162 1840 repugnare}
1189 1771 1263 1822 oum

164 1858 205 1928 ob
227 1879 265 1923 re
286 1866 438 1924 neutrum
459 1857 633 1924 obhorrent
654 1866 689 1922 ot
710 1867 885 1946 utrumque
907 1861 1015 1928 lateat.
1047 1862 1130 1928 illud
1153 1873 1264 1933 tomen

164 1967 250 2032 bene
273 1965 401 2048 eooidil,
432 1966 519 2050 quod
546 1966 610 2032 hoo
632 1991 698 2033 uno
724 1970 876 2056 exemplo
900 1969 1081 2036 diiudieere
1102 1971 1167 2038 iem
1188 1996 1263 2059 pos·

163 2089 288 2156 sumus,
309 2073 365 2158 qui
389 2073 489 2140 distet
510 2075 604 2162 origo
625 2075 719 2142 uerbi
748 2097 830 2160 quae
860 2076 903 2142 de
923 2078 1088 2146 uicinitute
1110 2081 1263 2167 arripitul

112 2189 145 2244 11
163 2181 204 2247 nb
229 2203 271 2246 ee
293 2201 374 2267 quae
398 2181 440 2246 do
462 2181 674 2252 similitudine
699 2182 838 2248 ducitur.
871 2183 947 2250 hino
968 2185 1053 2252 tuoto
1075 2189 1264 2275 progressio

162 2311 270 2378 usque
294 2291 335 2358 ed
357 2292 565 2362 oontrsrium.
607 2312 683 2360 nem
711 2294 804 2360 lusus
832 2316 870 2360 oo
897 2293 1000 2364 dietus
1022 2306 1155 2384 putatur
1176 2299 1263 2383 quod
1318 2335 1334 2360 .

163 2399 301 2466 minimo
322 2401 439 2487 lucent,
472 2412 506 2468 et
530 2403 655 2470 bellum
677 2404 764 2491 quod
792 2415 846 2470 res
874 2403 962 2470 bella
981 2429 1048 2472 non
1070 2408 1121 2491 sit,
1144 2417 1177 2472 et
1198 2407 1265 2477 foss

162 2511 254 2578 deris
276 2527 399 2578 nomen
420 2514 510 2599 quod
532 2536 585 2580 res
608 2514 706 2580 foedo
728 2533 795 2580 non
815 2515 875 2598 sit;
897 2515 1035 2600 quodsi
1064 2543 1082 2584 o
1106 2518 1262 2588 foeditate

162 2620 256 2708 poroi
283 2621 406 2687 'dictum
429 2630 477 2688 ost
499 2631 535 2688 ut
555 2622 705 2688 nonnulli
727 2623 852 2708 uolunt,
872 2623 958 2690 redit
986 2625 1079 2712 origo
1110 2626 1152 2693 od
1174 2627 1263 2696 illem

109 2735 144 2792 10
161 2730 379 2810 uicinitatem,
400 2731 526 2796 numid
549 2731 637 2816 quod
654 2731 692 2796 fit
714 2734 753 2798 ab
778 2750 816 2798 eo
837 2755 897 2820 por
912 2734 999 2818 quod
1017 2736 1054 2802 fit
1069 2737 1265 2804 nominetur,

161 2862 238 2904 nom
262 2839 326 2905 ista
347 2841 479 2906 omnino
503 2842 652 2908 uioinitas
675 2842 740 2906 late
763 2850 854 2930 patet
878 2851 910 2906 et
932 2865 992 2931 per
1015 2845 1132 2910 multas
1155 2857 1262 2934 partes

160 2958 315 3014 secatur:
336 2958 391 3014 aut
412 2965 472 3039 p'er
494 2950 710 3036 efficientiam,
724 2961 760 3017 ut
771 2953 834 3017 ho'c
845 2953 954 3040 ipsum
968 2974 987 3017 a
1000 2951 1155 3019 foeditate
1171 2955 1263 3044 porol

160 3079 336 3143 perquem
359 3057 474 3126 foedus
499 3055 653 3144 efficitur,
676 3070 732 3128 aut
753 3083 813 3150 per
837 3058 965 3146 effecte,
989 3071 1025 3126 ut
1044 3071 1161 3152 puteus
1178 3055 1265 3152 quod

163 3166 235 3232 eius
260 3168 414 3233 effectum
435 3169 557 3254 potatio
583 3177 631 3233 est
658 3169 803 3235 creditur
824 3168 940 3255 dietus,
970 3180 1025 3234 aut
1057 3189 1117 3258 per
1144 3172 1179 3236 id
1202 3193 1265 3262 quo

108 3277 142 3334 25
164 3275 365 3360 continetur,
396 3286 434 3344 ut
462 3279 577 3343 urbem
609 3277 648 3344 ab
679 3265 775 3344 orbe*
791 3279 987 3368 appellatum
1016 3277 1143 3365 uolunt,
1177 3275 1265 3367 quod

160 3443 360 3499 diuersitetsm
378 3443 420 3498 rei
437 3444 571 3512 nominat,
596 3450 628 3499 ut
647 3446 753 3501 bellum
775 3446 888 3513 dieitur,
918 3445 993 3515 quod
1009 3445 1125 3499 minime
1150 3447 1188 3500 sit
1206 3446 1265 3501 bel-

160 3513 229 3585 lum,
250 3519 281 3570 et
300 3515 388 3585 lucus,
410 3516 485 3584 quod
501 3517 612 3570 minime
631 3516 734 3572 luceat.
757 3523 790 3588 cs.
811 3517 1159 3586 Donat1116‚2p.1778.
1180 3517 1264 3572 Mart.

264 3693 284 3750 2
310 3691 467 3768 quemdem
488 3687 607 3771 ΒΡΙΙ4
631 3694 747 3754 ditatur
768 3685 852 3770 01³1!
876 3693 893 3750 5
915 3712 992 3750 nuno
1015 3711 1068 3755 om·
1093 3694 1119 3754 0
1139 3685 1154 3774 ΙΙ
1179 3692 1195 3753 6
1220 3698 1265 3774 pi·

159 3776 264 3836 soibus
283 3775 442 3842 81111116,οΡ
453 3768 468 3856 ΙΙ
484 3779 501 3834 7
519 3777 628 3836 dictam
651 3779 713 3838 BD
726 3773 741 3857 ΙΙ
758 3781 793 3836 11
820 3777 915 3835 stultu
930 3769 980 3854 Ol!
994 3797 1160 3855 repugnare
1175 3779 1268 3840 BDP

160 3865 309 3938 'repulere
330 3852 381 3938 ΟΙΙ
398 3864 434 3920 13
456 3861 550 3920 oooidi
568 3855 620 3940 Ol!
633 3863 689 3922 hoe
710 3881 764 3924 um.
786 3855 836 3938 ΟΙΙ
853 3863 891 3919 14
913 3863 986 3938 quid
1006 3862 1098 3920 distet
1111 3863 1168 3924 ΒΟ
1186 3865 1265 3942 quod

159 3945 230 4004 istie
253 3936 312 4020 ΡΙΙ
326 3943 474 4022 abripitur
497 3938 548 4025 ΟΙΙ
573 3949 609 4006 15
633 3947 669 4006 do
691 3947 883 4008 similitudine
906 3945 993 4008 Bou
1026 3945 1266 4006 dissimilitudine

161 4021 219 4108 ΡΙΙ
234 4029 348 4088 dicitur
370 4023 420 4108 Gfl
437 4028 474 4090 19
497 4033 580 4108 origo
600 4025 689 4092 ΒΘΗ
712 4049 782 4106 ergo
803 4026 858 4107 ΡΙΙ
879 4031 920 4088 20
941 4049 975 4088 eo
996 4048 1031 4096 ou
1049 4035 1170 4092 correct.
1194 4033 1264 4092 odd.

159 4163 192 4222 tn
215 4156 326 4244 01122
348 4157 471 4222 feditate
495 4159 545 4244 ΟΙΙ
558 4119 749 4244 porolerquem
770 4163 854 4283 fadus
877 4157 981 4244 01123
1004 4159 1148 4224 efficiatur
1171 4154 1226 4225 OD
1241 4161 1262 4239 ll

159 4305 215 4374 per
235 4291 376 4358 effectum
386 4299 416 4358 P
424 4291 445 4377 ΙΙ
453 4302 496 4359 -24
516 4301 578 4359 eius
589 4299 750 4358 effeetus]³
759 4253 789 4376 ΙΙιι
800 4255 917 4376 pittatio
929 4301 960 4358 B
979 4300 1097 4376 putatio
1109 4302 1141 4360 D
1154 4291 1169 4377 ΙΙ
1184 4300 1264 4376 quod

159 4385 334 4441 continetur
350 4377 382 4442 '0
401 4384 480 4462 quod
503 4386 633 4444 eontinet
653 4377 707 4464 ΡΙΙ
723 4385 764 4442 25
784 4385 940 4462 apellatum
963 4385 989 4445 0
999 4377 1016 4464 ΙΙ
