3152 5142
705 474 744 532 63

175 667 333 712 consensu
354 643 541 710 Varronem
568 642 602 708 in
632 643 694 708 hae
725 642 829 708 libelli
859 642 1011 712 Seruiani
1033 653 1127 733 parte
1153 643 1275 732 ubique

177 758 302 822 iontem
325 777 396 820 esse
419 754 522 820 uides.
556 775 729 822 numerum
752 774 832 818 uero
855 751 908 820 III
928 751 1127 820 Ritschelius
1151 761 1273 840 quaest.

177 866 272 931 Varr.
297 887 328 951 p.
342 863 383 928 20
397 887 445 951 sq.
468 863 510 930 ud
532 863 633 928 libros
655 861 910 949 disciplinarum,
935 883 1073 950 quorum
1095 861 1210 928 tertius
1233 860 1274 928 dc

175 974 339 1040 rhetorica
354 975 379 1058 ¹)
416 981 485 1038 erat
513 972 680 1062 perfluere
703 995 769 1038 non
794 993 891 1059 posse
916 970 1050 1045 censuit,
1081 970 1191 1056 itaque
1220 978 1275 1042 eut

144 1149 146 1154 .
174 1083 219 1150 sie
241 1080 476 1168 corrigendum
497 1091 533 1146 ut
553 1081 636 1148 liber
656 1081 813 1168 septimus
834 1079 889 1167 qui
910 1078 1066 1148 musicam
1082 1078 1274 1148 tractauerit

175 1199 206 1259 et
228 1191 299 1257 sine
324 1190 422 1256 dubio
450 1191 504 1258 hio
527 1190 689 1258 indicatus
717 1191 758 1256 sit
785 1186 948 1256 efficiatur
976 1198 1031 1256 sut
1060 1188 1103 1256 ed
1132 1189 1273 1254 alterum

173 1299 303 1366 titulum
336 1298 550 1366 referendum
578 1320 660 1368 esse.
697 1298 764 1364 VII
792 1307 900 1368 autem
925 1321 1001 1364 eum
1030 1320 1096 1364 non
1119 1296 1215 1365 facile
1237 1297 1272 1366 iu

174 1410 230 1476 III
250 1417 488 1496 corrumpatur,
511 1409 648 1476 alterum
660 1407 915 1496 praeferendum
926 1417 985 1474 est.
1007 1429 1071 1494 quo
1084 1405 1271 1476 testimonio

173 1517 300 1584 lubrico
322 1517 454 1606 quidem
476 1526 509 1584 et
527 1541 593 1586 non
614 1519 690 1586 satis
715 1519 808 1586 firmo
829 1519 935 1586 donec
958 1518 1047 1588 idem
1066 1503 1274 1606 reliquorum

173 1626 333 1694 librorum
356 1635 548 1712 argumento
570 1628 811 1696 confirmabitur
832 1628 998 1694 confidere
1015 1627 1122 1694 liceat.
1142 1636 1275 1714 practer

175 1734 319 1803 Aaronis
341 1735 443 1800 uerba
465 1759 540 1801 cum
562 1736 659 1804 Serui
683 1738 887 1826 expositione
909 1735 1140 1823 coniungenda
1159 1735 1273 1818 uiden·

176 1853 230 1912 tur
251 1865 336 1928 quse
351 1843 444 1910 'idem
466 1842 602 1912 Seruius
626 1845 651 1910 si
676 1845 809 1934 quidem
830 1855 880 1912 est
901 1845 990 1912 idem
1013 1845 1170 1931 achrg.
1186 1847 1271 1911 Aen.

174 1953 260 2021 VIII
278 1951 341 2018 618
365 1952 420 2035 (Iu.
444 1952 517 2037 60¹³)
552 1975 570 2024 e
591 1953 743 2020 Varrone
762 1954 934 2042 adscripsit
958 1954 1013 2040 (of.
1037 1952 1272 2024 C.Bartholini

175 2062 215 2128 de
248 2062 336 2131 tibiis
364 2071 431 2128 uel.
452 2085 484 2150 p·
503 2064 547 2132 54
563 2083 609 2148 sq.
653 2064 690 2130 R.
712 2063 905 2132 Volkmann
938 2064 978 2130 ad
1000 2064 1089 2132 -Plut
1120 2063 1160 2130 de
1189 2086 1270 2150 mus.¹

175 2170 358 2258 p.142sq.)
1112 2199 1115 2206 ·

205 2339 207 2344 .
274 2281 313 2346 Iu
335 2282 458 2350 tertio
477 2282 577 2369 igitur
598 2283 707 2349 libro
723 2283 855 2350 casdem
871 2303 925 2348 res
945 2281 1273 2372 perlustrauitVurrc

176 2414 254 2477 quus
278 2399 374 2461 antee
395 2391 649 2478 Aristophanem
677 2392 868 2478 Byzantium
893 2392 994 2479 (p.12
1015 2392 1066 2458 ed.
1090 2392 1133 2458 A.
1147 2391 1274 2480 Nauck,

176 2500 215 2564 of.
239 2497 276 2565 O.
291 2499 462 2587 Gocttling
484 2501 577 2566 lehre
600 2523 629 2566 v.
652 2526 717 2566 aec.
741 2502 772 2566 d.
793 2525 843 2589 gr.
868 2523 932 2586 spr.
955 2525 987 2589 p.
1001 2503 1040 2565 10
1053 2523 1100 2586 sq.
1123 2501 1165 2567 A.
1177 2501 1273 2568 Rose-

175 2609 258 2673 bach
284 2609 408 2695 grieeh.
431 2611 601 2697 rhythmik
623 2633 655 2696 p.
668 2611 718 2678 33.
744 2611 782 2678 F.
800 2611 841 2678 A.
853 2611 953 2678 Wolf
967 2612 1096 2699 proleg.
1118 2611 1159 2677 ad
1174 2610 1272 2679 Hom.

176 2742 208 2806 p.
221 2717 494 2805 CCXVIIIIsq.)
518 2720 719 2788 consociasse
743 2719 904 2786 Arcadius
927 2743 1024 2806 quem
1045 2721 1158 2786 dicunt
1177 2729 1272 2786 testa·

178 2837 230 2892 tnr
251 2830 298 2914 (p.
309 2828 521 2908 mesonma:
546 2827 642 2909 τρίχα
666 2827 768 2908 τεμών
789 2824 843 2910 τὴν
866 2827 989 2909 κίνησιν
1009 2830 1064 2909 τῆς
1086 2831 1204 2912 φωνῆς,
1237 2825 1272 2890 τό

179 2937 236 3015 μὲν
259 2935 304 3009 εἰς
325 2935 474 3018 χρόνους,
498 2933 532 2999 τὸ
555 2937 588 2999 δὲ
613 2934 658 3008 εἰς
677 2933 797 3012 τόνους,
821 2933 855 2997 τὸ
881 2937 915 2998 δὲ
937 2932 1119 3009 struerent
1134 2937 1269 3016 πνεῦμα.

178 3043 230 3106 καί
256 3042 329 3119 τούς
354 3045 411 3125 μὲν
437 3045 573 3130 χρόνους
597 3050 660 3116 τοῖς
694 3042 831 3130 ῥυθμοῖς
861 3039 972 3129 ᾔκασε,
1008 3041 1080 3118 τούς
1110 3045 1144 3107 δὲ
1167 3044 1276 3118 τόνους

177 3161 241 3230 τοῖς
264 3155 364 3232 τόνοις
384 3159 438 3237 τῆς
459 3159 615 3240 μουσικῆς
639 3157 864 3243 (efiTheodOS.
888 3181 919 3246 p.
932 3155 1003 3236 204,
1020 3157 1038 3220 6
1057 3153 1206 3240 (loerch).
1227 3175 1277 3220 ac·

178 3277 290 3333 centus
312 3265 412 3356 igitur
435 3267 590 3334 musicam
614 3277 761 3335 naturam
784 3267 1048 3356 Aristophanem
1066 3265 1276 3354 reliquosque

179 3397 257 3461 quos
283 3400 382 3464 supra
403 3379 552 3444 recensui
575 3389 705 3444 secutus
729 3379 865 3466 agnouit
885 3398 991 3462 neque
1012 3378 1046 3443 in
1067 3375 1197 3464 legibus
1219 3397 1276 3462 ge·

177 3486 342 3553 neralibus
363 3488 600 3573 inuestigandis
613 3555 616 3562 ,
631 3511 666 3554 se
693 3488 853 3554 continuit
878 3487 936 3552 sed
959 3487 1056 3552 etiam
1078 3509 1175 3568 usum
1200 3507 1276 3572 pro·

178 3595 342 3660 sodiarum
371 3596 404 3661 in
438 3597 576 3683 singulis
600 3598 837 3662 uocabulorum
866 3595 1044 3683 generibus
1074 3616 1148 3662 eum
1173 3591 1275 3679 expli-

177 3704 284 3770 cuisse
307 3702 397 3772 Galli
417 3706 509 3770 locus
533 3705 586 3790 (fr.
598 3705 652 3790 61)
674 3728 692 3770 a
714 3729 777 3793 quo
801 3728 893 3772 orsus
917 3727 988 3770 sum
1012 3703 1163 3770 ostendit.
1184 3701 1274 3787 quod

279 3981 308 4050 1)
327 3980 361 4034 In
378 3982 444 4036 libri
462 3981 597 4037 rhetorici
615 3986 695 4052 parte
714 3981 749 4036 de
769 3981 926 4038 elocutione
956 3980 1001 4046 (ef.
1018 3980 1051 4033 L.
1071 3979 1191 4050 Spengel
1210 3995 1276 4051 nom

177 4095 247 4140 mus.
266 4077 308 4132 rh.
326 4078 416 4132 XVIII
429 4097 455 4148 p.
467 4079 531 4148 492)
549 4079 633 4134 tibias
652 4079 854 4134 conmemorari
872 4090 953 4148 posse
971 4095 1028 4132 non
1040 4094 1154 4146 prorsus
1167 4092 1275 4148 negem.

176 4175 244 4230 illud
270 4179 363 4231 autem
391 4176 466 4244 quod
491 4177 527 4232 ad
551 4181 711 4232 accuratam
734 4174 952 4246 disputationem
976 4171 1130 4244 spectatio
1147 4172 1221 4228 libro
1241 4173 1276 4228 de

177 4273 283 4329 musice
299 4272 385 4328 fuisse
403 4289 470 4328 sene
487 4273 576 4329 multo
593 4272 728 4330 maiorem
737 4273 823 4326 habet
831 4269 1069 4342 probabilimtem,
1090 4287 1175 4338 quare
1187 4273 1276 4328 trans-

178 4370 347 4440 positionem
365 4369 441 4424 illam
459 4370 585 4441 recipere
603 4387 660 4426 non
679 4368 787 4425 dubito.
