3152 5142
603 1162 903 1249 PRAEFATIO

307 1399 392 1465 Cum
416 1419 475 1484 per
501 1409 628 1485 tempus
662 1397 794 1481 aliquod
824 1409 954 1463 uersato
982 1401 1016 1464 in
1040 1399 1247 1486 ‘conligendis
1271 1411 1305 1465 et

206 1507 416 1595 disponendis
431 1505 591 1592 relliquiis
604 1505 816 1570 Varronianis
831 1508 1000 1592 specimen
1023 1508 1202 1572 studiorum
1224 1508 1303 1572 mihi

205 1615 454 1701 proponendum
479 1626 575 1696 esset,
612 1613 698 1697 clegi
728 1615 831 1680 libros
861 1615 1108 1697 grammaticum
1141 1637 1215 1679 nam
1248 1637 1303 1682 eos

203 1722 374 1786 commode
397 1722 513 1786 ceteris
536 1720 699 1803 neglectis
720 1721 849 1784 tractari
871 1732 903 1785 et
915 1722 1118 1808 singulorum
1133 1743 1303 1808 argumen-

203 1842 272 1896 tum
295 1831 405 1917 paullo
429 1853 523 1916 quam
546 1828 652 1892 adbuc
669 1831 788 1893 lactum
812 1841 861 1894 est
875 1832 1055 1896 accuratius
1068 1833 1191 1896 circum
1204 1831 1302 1896 scribi

177 1961 180 1973 ¹
203 1961 298 2027 posse
319 1937 562 2021 intellegebam.
588 1937 835 2021 dispositionem
851 1949 883 2001 ct
904 1939 1050 2004 indolem
1064 1941 1180 2002 horum
1203 1940 1302 2004 libro·

203 2069 275 2112 rum
300 2046 457 2130 indagare
480 2054 651 2108 contentus
674 2067 779 2130 neque
802 2048 990 2112 uniuersam
1012 2047 1172 2112 Varronis
1198 2069 1303 2133 gram-

204 2155 354 2219 maticam
377 2152 533 2217 theoriam
555 2154 723 2238 explicare
740 2155 860 2236 studui,
884 2177 967 2239 quac
991 2177 1043 2220 res
1067 2155 1248 2221 necessaria
1270 2165 1302 2220 et

202 2263 313 2347 magni
337 2262 492 2326 momenti
526 2262 565 2326 ad
590 2251 854 2345 cognoscendam
877 2263 1045 2328 historiam
1072 2262 1302 2349 grammaticae

203 2371 354 2453 antiquae
378 2370 499 2433 nitatur
521 2370 555 2433 in
578 2369 670 2434 libris
691 2369 799 2434 V-X
827 2371 868 2434 de
899 2372 1013 2456 lingua
1038 2372 1140 2436 latina
1171 2393 1257 2436 nunc
1284 2395 1303 2435 a

203 2499 277 2542 meo
300 2478 432 2542 consilio
453 2476 582 2570 alicnis,
603 2500 709 2562 neque
742 2481 776 2541 in
807 2479 944 2564 singulis
977 2478 1057 2544 locis
1090 2479 1302 2546 inlustrandis

205 2586 312 2652 omnia
334 2607 415 2671 quae
441 2586 585 2651 cumbis
608 2586 781 2652 coniuncta
804 2589 903 2653 fuisse
936 2589 1082 2653 coiceres
1110 2610 1304 2674 congerere,

204 2694 317 2758 sedin
340 2694 438 2759 certis
451 2696 645 2759 testimoniis
664 2697 872 2783 acquiescere
894 2698 994 2762 uolui.
1018 2697 1142 2761 exclusi
1163 2719 1242 2762 uero
1264 2697 1302 2760 li-

205 2802 291 2886 bros,
311 2802 346 2868 in
366 2803 482 2888 quibus
502 2813 631 2890 praeter
654 2804 718 2869 alia
742 2805 974 2890 grammaticae
998 2827 1128 2891 quoque
1150 2806 1302 2870 obserua-

204 2910 309 2975 tiones
332 2911 535 2996 legebantur,
561 2914 671 2999 quales
694 2914 880 3000 epistolicae
898 2901 1222 2998 quaestiones‘fuisse
1244 2915 1303 2980 sci-

205 3041 289 3103 mus,
309 3029 340 3082 ct
363 3040 453 3084 mera
474 3020 665 3108 ueriloquia,
689 3023 780 3108 larga
802 3045 898 3086 manu
922 3021 1043 3106 ubique
1065 3023 1138 3087 aM.
1148 3021 1302 3088 Terentio

209 3149 330 3212 sparsa,
354 3149 435 3214 quae
458 3150 499 3194 ex
521 3130 590 3194 aliis
613 3131 703 3195 libris
726 3131 865 3218 repetita
886 3141 970 3195 sunt.

288 3237 329 3300 In
353 3238 585 3324 componendis
609 3240 771 3324 relliquiis
800 3239 963 3326 antiquam
986 3240 1143 3305 librorum
1165 3240 1302 3306 sormam

206 3352 362 3426 quantum
373 3344 442 3408 fieri
456 3346 561 3430 potuit
584 3347 721 3429 restitui,
743 3357 780 3410 ut
803 3357 835 3410 et
860 3347 1005 3433 singulas
1027 3347 1118 3412 libris
1143 3369 1161 3412 e
1186 3347 1302 3432 quibus

208 3461 354 3536 sumptae
378 3475 447 3518 csse
468 3453 659 3518 uiderentur
682 3456 870 3540 tribuerem,
905 3465 937 3518 et
960 3456 1133 3541 pristinum
1154 3456 1302 3521 ordinem

208 3580 408 3624 reuocarem.
458 3563 614 3627 asterisco
637 3563 764 3650 signaui
786 3565 981 3651 fragmenta,
1005 3563 1122 3650 quibus
1142 3565 1301 3632 Varronis

203 3688 324 3731 nomen
344 3669 384 3732 ab
407 3671 590 3736 auctoribus
612 3693 678 3735 non
691 3671 875 3758 adponitur.
899 3672 979 3736 duas
1003 3672 1163 3759 relliquiis
1177 3670 1300 3737 subieci

203 3774 439 3840 adnotationes.
493 3778 596 3842 altera
626 3779 800 3867 perscripsi
832 3801 888 3845 eos
918 3779 1112 3866 scriptorum
1141 3780 1232 3844 locos
1260 3780 1301 3844 ad

205 3881 342 3946 eandem
364 3883 521 3948 Varronis
547 3884 782 3971 expositionem
806 3887 1006 3970 referendos,
1021 3887 1075 3972 qui
1098 3887 1138 3952 ad
1159 3888 1300 3971 proban·

204 3990 278 4055 dam
302 3991 555 4078 disputationem
577 4016 680 4057 meam
708 4005 739 4057 et
754 3993 902 4058 ordinem
918 3994 1122 4078 singulorum
1137 3994 1301 4080 fragmen-

203 4108 311 4163 torum
332 4100 627 4166 reconcinnandum
653 4102 788 4166 alicuius
812 4111 886 4165 sunt
919 4103 1084 4167 momenti.
1135 4103 1237 4168 altera
1259 4104 1301 4168 ad

204 4206 347 4272 criticam
368 4218 513 4293 spectat;
549 4232 612 4294 qua
636 4211 671 4275 in
702 4232 737 4275 re
763 4211 846 4274 hanc
873 4210 951 4274 mibi
972 4210 1101 4297 inposui
1124 4212 1243 4298 legem,
1263 4222 1299 4275 ut

204 4337 287 4399 quae
310 4315 344 4379 iu
367 4316 535 4382 codicibus
557 4319 714 4404 leguntur
736 4321 891 4408 religiose
919 4321 1120 4402 adnotarem,
1151 4322 1299 4387 Putschii
1363 4327 1375 4344 ¹
