3152 5142
818 490 859 550 84

186 691 188 694 ’
293 667 406 732 tertiae
430 664 653 730 declinationis
673 663 805 728 nomina
827 660 1026 726 snbstantias
1039 657 1199 740 ἀναλόγως
1211 659 1388 724 ablatiuum

293 776 402 842 datiuo
426 775 564 844 similem
596 773 762 838 haberent.
806 771 847 836 ad
879 771 1019 836 eundem
1049 769 1224 834 ablatiuum
1255 777 1390 854 spectat,

293 886 380 970 quod
404 884 580 950 discrimen
604 883 689 948 luter
710 881 805 948 ‘rure’
824 890 855 944 et
867 879 953 946 ‘rurI’
968 879 1022 963 (fr.
1037 878 1089 960 19)
1103 878 1263 964 exposuit.
1286 879 1320 941 i'n
1339 878 1390 942 his

292 1015 406 1058 seuero
427 993 609 1078 analogiam
632 998 772 1073 secutus,
795 988 857 1052 alia
876 988 1025 1052 aduitae
1047 1009 1151 1069 usum,
1175 1008 1271 1074 quom
1293 987 1389 1050 etiam

293 1103 326 1166 in
349 1101 441 1168 libris
464 1099 625 1166 VIII—X
648 1098 775 1184 saepius
799 1096 929 1182 premit,
954 1095 1085 1179 direxit,
1108 1105 1144 1160 ut
1160 1117 1221 1160 nos
1239 1095 1391 1179 quodam·

290 1207 386 1274 modo
410 1207 623 1274 constantiam
646 1204 879 1270 desideremus.
901 1202 1028 1268 Plinius
1048 1202 1213 1289 licetipse
1237 1202 1391 1290 quasdam

293 1317 503 1402 exceptiones
516 1314 683 1382 admiserit
690 1313 803 1399 (Char.
812 1337 843 1401 p.
856 1312 924 1394 129,
935 1311 988 1393 21)
1001 1333 1074 1376 eum
1085 1312 1249 1397 uituperat
1262 1312 1317 1392 (fr.
1326 1311 1392 1398 20),

294 1427 380 1511 quod
404 1426 503 1499 falces
530 1447 608 1490 axes
631 1424 748 1488 lintres
770 1431 902 1488 centres
923 1421 1042 1508 stirpes
1056 1422 1153 1486 urbes
1171 1421 1266 1486 orbes
1279 1431 1389 1485 nectes

294 1534 426 1622 quidem
448 1533 482 1598 in
505 1532 689 1598 accusatius
713 1531 822 1597 dicere
844 1530 995 1613 uoluerit,
1019 1529 1076 1595 sed
1100 1529 1134 1595 in
1148 1529 1283 1615 reliquis
1306 1530 1391 1594 eius-

295 1645 370 1710 dem
383 1643 505 1730 speciei
518 1642 655 1708 monteis
669 1652 702 1707 et
714 1641 839 1708 similia.
864 1640 905 1704 de
921 1640 1046 1706 neutris
1070 1639 1195 1726 graecis
1217 1647 1253 1704 ut
1275 1661 1393 1727 poema

295 1755 329 1821 in
351 1754 401 1818 his
424 1753 516 1820 libris
539 1751 754 1816 sic'statuisse
777 1751 917 1834 uidetur,
945 1759 982 1814 ut
1014 1771 1051 1814 ea
1079 1758 1134 1814 ant
1155 1771 1288 1835 prorsus
1311 1758 1390 1814 tam·

296 1887 391 1949 quam
401 1863 502 1929 latina
515 1862 632 1946 (11.21)
646 1871 701 1926 aut
712 1883 846 1949 prorsus
859 1869 1023 1947 tamquam
1035 1880 1153 1943 graeca
1162 1860 1215 1942 (fr.
1227 1859 1281 1940 22)
1294 1859 1391 1922 dccli-

295 1981 451 2040 narentur
468 1983 499 2036 et
513 1972 558 2036 sic
574 1970 734 2056 analogia,
746 1991 829 2058 quae
843 1970 948 2058 primo
962 1970 1077 2034 obtutu
1092 1969 1232 2052 deesset,
1254 1969 1391 2032 ualeret.

296 2081 383 2166 quod
405 2081 488 2146 illud
510 2081 600 2167 quasi
626 2081 683 2145 lex
704 2079 911 2162 inuiolabilis,
943 2079 1005 2142 hoc
1037 2086 1074 2142 ut
1102 2085 1253 2142 constans
1275 2099 1353 2142 usus
1375 2099 1394 2140 a

295 2190 403 2258 Plinio
434 2191 576 2276 ponitur,
607 2189 639 2252 id
673 2211 710 2252 oo
740 2187 1052 2276 explicatur,.quod
1079 2209 1138 2274 pro
1170 2211 1228 2252 suo
1257 2187 1393 2250 consilio

296 2299 526 2364 cohaerentem
557 2297 796 2383 expositionem
829 2297 864 2362 in
894 2298 1010 2361 breues
1042 2295 1174 2379 regulas
1213 2294 1396 2382 discerpsit,

298 2431 376 2493 quas
400 2408 581 2474 Romanum
611 2407 666 2471 uel
693 2405 876 2472 Charisium
908 2405 1027 2470 iterum
1055 2404 1219 2469 breuiasse
1241 2404 1395 2486 uidimus,

299 2517 387 2605 quod
412 2517 521 2583 multis
546 2515 704 2604 exemplis
725 2515 946 2580 confirmatur.
986 2514 1081 2578 aliter
1105 2515 1145 2579 de
1167 2515 1280 2579 eadem
1300 2536 1337 2578 re
1360 2515 1394 2579 in

294 2627 368 2692 'aliis
399 2626 491 2690 libris
521 2624 660 2711 scripsit.
705 2624 739 2690 in
760 2624 836 2691 IIII
859 2625 899 2688 (16
923 2624 1062 2688 utilitato
1095 2623 1253 2688 sermonis
1280 2621 1393 2708 (Char.

295 2757 327 2820 p.
341 2734 439 2818 123,3
460 2735 499 2800 cf.
515 2735 671 2802 Consent.
683 2758 714 2821 p.
729 2735 876 2818 2114οΡ),
899 2734 953 2800 ubi
980 2733 1206 2800 consuetudini
1230 2731 1392 2796 communi

297 2845 435 2910 multum
453 2843 651 2909 concessisse
665 2843 806 2925 uidetur,
826 2843 1081 2930 uniuscuiusque
1098 2842 1217 2907 iudicio
1236 2841 1396 2929 permisit,

229 2941 234 2950 ’
296 2952 323 3018 si
350 2952 494 3018 Plinium
519 2953 677 3018 Varronis
710 2953 949 3038 expositionem
982 2961 1131 3016 secutum
1163 2973 1234 3017 esso
1264 2973 1394 3016 mecum

295 3054 398 3149 putas,
422 3084 499 3126 num
519 3061 679 3148 poematis
703 3060 967 3146 an'pocmatibus
992 3060 1099 3125 dicere
1117 3060 1238 3124 mallet.
1259 3059 1294 3124 in
1308 3060 1394 3124 libro

297 3171 338 3236 (16
370 3170 580 3256 grammatica
606 3179 720 3234 contra
755 3168 962 3253 (0111111131,
986 3170 1026 3233 10
1061 3191 1157 3253 quem
1187 3169 1295 3233 locum
1315 3168 1394 3232 inde

296 3288 460 3367 sumptum
494 3301 564 3344 esse
597 3279 682 3344 infra
713 3281 889 3364 exponam)
922 3301 985 3362 quo
1012 3288 1101 3343 certa
1122 3278 1277 3362 loquendi
1300 3300 1393 3364 prae·

296 3398 389 3474 cepta
411 3388 581 3471 dabantur,
606 3388 805 3476 poematibus
828 3388 1047 3452 schematibus
1071 3399 1104 3452 et
1125 3410 1208 3472 quae
1231 3388 1395 3453 taliasunt

297 3497 361 3562 dici
385 3497 488 3580 iussit,
511 3497 584 3582 quia
605 3497 737 3562 nomina
760 3497 868 3581 latina,
891 3508 924 3563 et
947 3497 1003 3561 illa
1025 3508 1188 3583 tamquam
1208 3498 1308 3562 latina
1331 3507 1394 3562 tra·

297 3606 415 3672 ctanda
443 3628 525 3691 esso,
558 3629 639 3691 quae
667 3607 843 3672 ablatiuum
875 3607 1050 3693 singularis
1088 3607 1122 3672 in
1154 3629 1184 3672 -e
1207 3607 1397 3692 formarent,

297 3717 409 3784 datiuo
433 3726 466 3780 et
486 3716 626 3782 ablatino
650 3717 786 3802 pluralis
809 3717 843 3782 in
857 3717 931 3782 -bus
946 3716 1084 3783 exirent.
1109 3725 1252 3782 ceterum
1268 3716 1394 3782 Plinius

297 3827 332 3892 in
353 3827 412 3892 hac
437 3848 473 3890 re
498 3826 656 3890 Varronis
691 3836 863 3914 praecepta
891 3825 1141 3911 diligentissime
1165 3826 1338 3912 indagasse
1364 3836 1396 3890 et

297 3958 379 4020 quae
408 3935 442 4000 in
470 3935 570 4002 uariis
601 3935 692 4000 libris
724 3936 879 4002 docuerat
911 3935 1096 4022 conlegisse
1129 3936 1269 4017 uidetur,
1304 3935 1392 4001 undo

295 4044 410 4110 uidere
434 4045 522 4127 licet,
547 4045 650 4112 doctis
672 4046 825 4112 Romanis
848 4045 984 4110 dubium
1006 4045 1105 4111 fuisse
1128 4046 1207 4130 quid
1228 4046 1263 4111 in
1284 4046 1395 4111 huius·

275 4229 276 4234 ,
298 4154 386 4218 modi
408 4154 591 4220 nominibus
611 4155 813 4239 sequendum
836 4153 886 4220 sit·
922 4155 1086 4240 Denique,
1107 4154 1396 4230 indeclinabilibus

298 4287 364 4330 non
376 4265 538 4350 neglectis
550 4267 604 4348 (fr.
617 4266 683 4348 23),
695 4265 739 4330 ad
754 4264 1005 4330 declinationem
1019 4265 1162 4351 augendi
1180 4274 1212 4330 et
1227 4265 1395 4331 minuendi

298 4373 465 4440 transiisse
487 4373 618 4440 uidetur
640 4375 695 4459 (cf.
712 4374 796 4440 VIII
815 4375 855 4441 75
876 4397 908 4462 p.
920 4375 982 4440 447
998 4399 1046 4463 aq.
1070 4375 1178 4442 VIIII
1196 4375 1236 4440 ta
1261 4397 1293 4462 p.
1307 4377 1397 4460 509),
