3152 5142
706 469 745 528 57

176 645 403 738 prosodiamm
432 653 547 712 natura
576 655 608 710 et
638 643 824 711 nominibus
856 641 1056 729 grauissimis
1087 642 1274 709 auctoribus

176 757 314 824 laudetis
348 756 509 822 uastauit.
550 754 737 845 prosodiam
778 754 869 820 ouius
899 753 990 820 uaria
1023 753 1155 822 nomina
1187 753 1274 842 apud

178 865 324 936 Gellium
345 865 432 932 XIII
453 865 492 950 6,
516 865 548 951 1,
583 865 690 930 uarias
711 862 918 929 definitiones
937 863 1039 930 hebes
1061 863 1148 951 apud
1169 863 1274 936 Thoo-

178 976 304 1044 dorium
334 1000 367 1064 p
386 976 446 1060 61,
486 983 589 1041 totam
621 975 657 1041 iu
687 971 856 1039 altitudine
889 972 980 1040 uoois
1013 973 1153 1061 positam
1183 973 1274 1040 ideo·
1380 995 1384 1001 ·

177 1106 240 1170 que
272 1085 404 1150 musicis
443 1083 531 1151 souis
561 1083 733 1152 finitimam
774 1104 844 1148 essa
881 1081 963 1148 dixit
979 1083 1018 1166 ¹),
1050 1082 1139 1150 undo
1176 1083 1274 1151 etiam

177 1312 248 1360 λαίοι·
266 1307 332 1360 daus
354 1308 433 1374 quasi
452 1308 528 1358 λιίιιιτ
549 1315 588 1358 ort
605 1308 636 1358 et
653 1303 726 1358 infre
744 1303 807 1370 §24
816 1321 843 1374 p.
855 1302 989 1358 533intar
1007 1307 1055 1358 Ιιαε
1076 1316 1117 1358 ατί.
1132 1307 1215 1375 μέση,
1226 1307 1273 1358 la·

164 1380 231 1456 1ίίιτο
251 1403 348 1468 media,
369 1406 433 1472 quia
454 1404 530 1454 ἐτ’ττιοτ
556 1413 596 1454 est
614 1421 663 1471 per
684 1420 761 1470 ηιιαπτ
780 1402 848 1454 duae
866 1401 1038 1471 supradictae
1058 1402 1132 1453 ultro
1151 1380 1271 1469 citroque
1300 1451 1305 1465 „

176 1511 323 1552 commeant
341 1497 382 1552 ita
399 1497 608 1565 intellexeruntJ
630 1501 662 1550 ut
687 1497 806 1564 syllabas
833 1513 902 1565 quae
921 1495 995 1548 inter
1013 1500 1108 1550 acutas
1125 1500 1154 1550 et
1172 1513 1272 1566 graues

175 1593 358 1664 interpositae
379 1598 472 1648 esseut
489 1611 551 1648 eum
569 1593 660 1646 media
678 1593 809 1662 prosodia
829 1592 923 1646 efferri
941 1594 1081 1661 putarent.
1118 1593 1153 1647 de
1174 1593 1273 1646 talium

177 1691 342 1758 syllabarum
359 1695 476 1745 accentu
494 1691 563 1744 nihil
584 1694 718 1758 quantum
738 1706 753 1743 e
773 1689 869 1743 Seruio
891 1688 995 1756 conligi
1012 1681 1107 1759 potest
1125 1687 1272 1742 nVarroue

175 1786 318 1854 traditum,
346 1805 429 1856 quem
453 1787 573 1841 mediam
597 1786 774 1840 altitudinem
795 1790 903 1840 tautum
923 1800 1055 1839 sonorum
1072 1789 1211 1855 spectasse
1231 1785 1273 1840 id·

176 1883 305 1952 eireoque
326 1883 446 1938 madiam
464 1883 539 1936 inter
557 1899 671 1953 grauem
689 1886 718 1937 et
736 1887 847 1938 aoutam
858 1881 984 1950 posuisse
998 1897 1113 1949 eamque
1125 1881 1272 1950 utriusqus

175 1980 252 2051 quasi
274 1980 417 2050 eonpitum
436 1981 462 2047 (ξ
473 1981 506 2034 21
525 1998 552 2051 p.
562 1979 626 2048 531)
649 1980 761 2036 duxisse
781 1981 910 2036 uidimus.
947 1980 1006 2034 siue
1026 1979 1110 2034 dubio
1128 1978 1222 2055 predia
1242 1979 1273 2034 iu

175 2075 339 2147 quibusdam
359 2076 471 2145 syllabis
490 2077 656 2132 audiebatur
674 2077 724 2132 sed
743 2095 778 2132 ex
797 2077 931 2146 opuseulo
949 2080 1047 2132 nostro
1073 2093 1143 2146 quas
1166 2076 1271 2139 fuarmt

174 2191 229 2228 non
246 2177 334 2245 patet.
370 2175 486 2248 Langen¹
502 2175 520 2228 l.
539 2175 556 2228 l.
575 2193 602 2244 p.
616 2173 650 2228 63
674 2174 727 2230 hoo
751 2174 896 2228 inuentum
915 2174 1056 2228 Gallorum
1076 2173 1178 2244 recipit
1195 2173 1273 2228 inde·

175 2287 226 2340 que
246 2288 309 2326 oum
326 2269 396 2325 haee
414 2269 542 2324 doctriua
557 2270 672 2327 ueritati
689 2273 834 2342 repugnet,
863 2269 954 2340 ipsum
978 2270 1195 2340 disputationem
1205 2270 1273 2325 Var-

173 2383 241 2420 rone
259 2365 404 2436 indiguam
422 2380 481 2418 esse
499 2364 595 2419 effieit.

274 2461 300 2530 1)
320 2461 354 2516 of.
374 2461 534 2516 Aristoxeni
553 2461 632 2516 elem.
650 2462 739 2518 herm.
756 2462 771 2516 I
787 2464 833 2517 uel
851 2463 944 2533 potius
962 2465 1026 2533 περὶ
1045 2457 1139 2533 ιἰρχῶν
1156 2455 1183 2514 α’
1199 2479 1225 2531 p.
1238 2459 1272 2516 18

175 2557 260 2614 Meib.
283 2557 327 2626 (of.
345 2558 479 2628 Porphyr.
497 2560 532 2613 ad
546 2559 664 2614 Ptolem.
682 2560 770 2614 harm.
788 2561 807 2615 l
825 2562 843 2614 l.
864 2580 892 2631 p.
903 2559 963 2615 257.
983 2560 1015 2614 G.
1028 2559 1060 2614 L.
1069 2559 1170 2613 Mahue
1189 2557 1271 2612 diatr.

176 2655 210 2710 de
229 2656 354 2712 Aristox.
372 2675 398 2726 p.
412 2655 464 2711 179
476 2675 504 2712 u.
527 2657 673 2728 Westphal
690 2658 708 2712 l.
722 2676 741 2711 s.
756 2676 777 2712 s.
796 2677 824 2728 p.
834 2658 868 2712 41
876 2675 916 2727 sq.
941 2658 973 2712 P.
987 2657 1139 2726 Marquard
1158 2656 1192 2710 do
1210 2653 1272 2709 Ari·

175 2757 246 2808 stox.
266 2753 378 2807 Terent.
398 2754 432 2809 el.
452 2755 539 2811 harm.
557 2773 584 2825 p.
597 2755 633 2810 33
645 2762 695 2826 sq.)
716 2759 823 2826 λέγεται
839 2751 893 2826 γάρ
912 2752 946 2822 τίη
964 2757 1011 2808 καὶ
1036 2755 1158 2824 λογῶτλές
1175 2773 1201 2806 τι
1220 2757 1273 2825 μέ-

175 2852 228 2917 λος,
250 2847 282 2904 τὸ
300 2857 483 2924 συγκείμενον
501 2853 531 2906 ἐκ
551 2854 605 2908 τῶν
623 2853 796 2926 προσφιίιαλν,
813 2849 844 2907 τὸ
863 2853 967 2912 ἐντοῖς
987 2845 1117 2924 ὀνόμασι.
1153 2847 1274 2924 φυσικὸν

174 2942 276 3018 γὰρτὸ
295 2947 442 3004 ἐπιτείνειν
465 2952 511 3002 καὶ
528 2936 633 3004 άνιέναι
656 2950 687 3003 ἐν
704 2951 742 3020 τῷ
761 2950 947 3020 διαλέγεσθαι.
986 2948 1101 3002 Aristid.
1123 2948 1217 3016 Quint·
1237 2947 1273 3002 ds

175 3059 244 3098 mus.
263 3043 277 3096 l
295 3044 350 3112 p.8
366 3043 466 3098 Maio:
484 3040 561 3104 τάσις
582 3046 616 3100 δέ
631 3046 688 3098 ἐστι
705 3043 778 3117 μονὴ
799 3049 845 3100 καὶ
863 3039 958 3104 στάσις
975 3045 1021 3112 τῆς
1044 3045 1144 3116 φωνῆς.
1178 3037 1274 3109 ταύτης

176 3139 207 3192 dl
235 3139 295 3206 εἴτλη
324 3133 485 3199 δάοάνεσίς
503 3145 593 3193 τεκαὶ
615 3142 745 3201 ἐπίτασις.
782 3135 874 3202 άνεσις
892 3141 948 3214 μὲν
968 3132 1017 3195 οὖν
1044 3141 1120 3195 ἐστιν
1137 3138 1217 3209 ἡνίκα
1237 3134 1274 3196 ἂν

174 3231 232 3290 ἀπὸ
251 3231 376 3307 ὀξυτέρου
393 3230 481 3290 τόπου
498 3238 545 3290 ἐπί
562 3230 711 3308 βαρίτερον
728 3236 744 3305 ἡ
762 3235 842 3310 φωνὴ
858 3239 949 3312 χωρῇ·
969 3239 1092 3296 ἐπίτασις
1107 3237 1139 3290 δὲ
1157 3232 1225 3292 ὅταν
1242 3239 1273 3291 ἐκ

176 3335 322 3404 βαρυτέρου
340 3337 489 3405 μεταβαίνη
509 3329 578 3403 πρὸς
594 3329 725 3404 ὀξύτερον.
747 3335 777 3388 ἐκ
794 3331 828 3402 δὴ
845 3329 947 3389 τούτων
964 3330 997 3388 τὰ
1014 3328 1151 3406 ’γενόμενα
1169 3331 1200 3388 τὸ
1219 3335 1274 3407 μὲν

129 3450 135 3460 ·
175 3421 309 3498 βαρύτητα
331 3425 362 3482 τὸ
389 3428 420 3481 δὲ
439 3422 549 3494 ὀξύτητα
574 3425 822 3503 προςαγορεάομεν.
858 3431 892 3485 cl.
912 3431 986 3486 Sext.
1004 3429 1085 3500 Emp.
1105 3428 1175 3502 πρὸς
1190 3447 1272 3504 μουσ.
1356 3421 1365 3440 “

175 3541 202 3594 p.
211 3523 273 3592 756,
287 3524 399 3578 9Bekk.
419 3525 568 3580 Mar.Viet.
579 3525 694 3592 11112‚7
712 3525 818 3596 92605
827 3527 858 3580 P.
877 3527 991 3596 Dionys.
1003 3527 1090 3584 Halia.
1111 3526 1145 3581 de
1159 3545 1271 3596 oonpos.

175 3621 252 3674 narb.
273 3619 304 3673 11
325 3639 352 3690 p.
368 3620 437 3673 1126
449 3621 569 3676 Sohnsi:
589 3624 730 3678 διαλέκτου
749 3624 806 3696 μὲν
823 3616 872 3678 οὖν
890 3627 974 3695 μέλος
994 3625 1032 3678 ἐνί
1054 3631 1192 3695 μετρεῖται
1211 3625 1271 3676 ιλια-

176 3711 292 3790 στηματι
309 3717 347 3788 τῷ
364 3719 505 3788 λεγομένῳ
524 3715 569 3772 διὰ
589 3725 671 3774 πέντε
688 3719 725 3780 uic
739 3723 861 3790 ἔγγιστα·
881 3725 926 3773 καὶ
939 3713 999 3774 οὔτε
1021 3722 1181 3775 ἐπιτείνεται
1199 3727 1271 3790 πέρα

175 3813 229 3867 ταῖν
245 3813 327 3882 τριῶν
344 3809 432 3869 τόνων
449 3819 494 3868 καί
513 3813 654 3887 ἡμιτονίου
679 3817 725 3870 ἐπὶ
749 3814 779 3870 τὸ
808 3813 863 3881 ὀξὺ,
889 3810 949 3870 οὔτε
974 3811 1077 3872 ἀνίεται
1097 3818 1146 3871 τοῦ
1168 3823 1272 3888 χωρίου

175 3903 269 3963 τούτου
290 3912 386 3965 πλεῖον
404 3911 451 3964 ἐπί
468 3908 499 3965 τὸ
521 3905 598 3980 βαρύ.
635 3909 666 3965 οὐ
683 3910 740 3984 μὴν
760 3907 857 3966 ἅπασά
874 3931 907 3982 γε
925 3913 941 3982 ἡ
959 3914 1027 3974 λέξις
1045 3913 1060 3981 ἦ
1083 3915 1147 3966 καθ’
1168 3913 1199 3966 ἐν
1216 3907 1271 3983 μό-

175 4023 233 4074 ριον
258 3999 342 4075 λόγου
365 4011 516 4078 ταττομένη
540 4009 588 4061 ἐπὶ
611 4011 657 4074 τῆς
679 4005 760 4076 αὐτῆς
782 4012 888 4079 λέγεται
909 4004 1020 4076 τάσεως,
1041 4006 1098 4062 ἀλλ’
1117 4007 1133 4075 η
1151 4009 1207 4080 μὲν
1225 4011 1271 4062 ἐπὶ

174 4103 219 4168 τῆς
235 4097 331 4168 ὀξείας,
350 4101 366 4170 ἡ
385 4104 416 4156 dl
436 4106 483 4158 ἐπὶ
500 4107 547 4172 τῆς
564 4111 681 4176 βαρείας,
703 4104 766 4172 ἡδὲ
788 4108 831 4160 ἐπ’
843 4105 967 4178 ’ἀμφοῖν
988 4108 1041 4162 τῶν
1061 4107 1091 4160 dt
1110 4102 1272 4179 ἀμφοτέρας

175 4193 220 4256 τὰς
236 4191 328 4258 τάσεις
344 4200 469 4270 ἐχουσῶν
488 4204 517 4253 αἶ
534 4202 590 4272 μὲν
608 4198 675 4255 κατὰ
692 4207 762 4274 μίαν
779 4199 914 4270 συλλαβὴν
929 4207 1163 4275 συνεφθαρμένον
1175 4205 1269 4273 ἔχουσι

175 4297 211 4365 τῷ
230 4292 287 4356 ὀξεῖ
301 4293 332 4350 τὸ
350 4293 426 4366 βαρὺ,
445 4293 478 4356 ἃς
496 4295 529 4366 diy
548 4303 763 4371 περισπωμένας
780 4299 926 4372 καλοῦμεν,
946 4303 975 4352 αἱ
993 4301 1024 4353 dl
1044 4301 1075 4354 ἐν
1089 4300 1171 4371 ἑτέρῳ
1182 4318 1213 4354 τε
1226 4307 1271 4357 καί

177 4393 256 4464 ἑτέρῳ
273 4397 358 4465 χωρλς
376 4387 511 4465 ἑκάτερον,
530 4396 582 4468 ἐφ’“
598 4395 694 4449 ἑαυτοῦ
711 4393 758 4464 τὴν
777 4399 880 4451 οἰκείαν
899 4392 1035 4468 φυλάττον
1056 4391 1166 4470 φάσιν.Ι
