3152 5142
824 438 864 494 42

302 611 381 678 mihi
402 613 578 678 constabat.
625 633 719 696 quam
754 611 855 676 multa
876 619 984 676 autem
1006 610 1215 675 librariorum
1238 618 1269 673 et
1290 630 1398 693 gram·

303 720 501 786 matistorum
533 720 754 786 additamenta
786 719 820 784 in
853 719 945 785 libris
979 718 1099 784 nostris
1134 719 1257 782 lateant
1289 715 1400 780 docuit

303 827 449 916 Spengel
470 830 492 894 l.
514 830 534 894 l.
557 851 587 915 p.
612 830 650 893 12
669 851 717 914 sq.
751 828 852 915 praef.
873 828 968 892 Varr.
991 849 1023 913 p.
1046 825 1236 893 XXXVIII
1260 849 1306 912 sq.
1341 847 1401 890 nec

303 938 421 1004 desunt
451 941 600 1028 exempla
628 940 775 1005 locorum
808 938 909 1027 ipsius
939 937 1107 1023 scriptoris
1128 935 1237 1002 uerbis
1271 958 1313 1001 ex
1335 936 1399 1000 alio

301 1049 375 1114 loeo
398 1047 507 1112 inlatis
531 1047 813 1136 interpolatorum.
851 1056 887 1110 ut
911 1047 945 1110 in
964 1044 1073 1111 uerbis
1098 1044 1247 1133 proxime
1269 1053 1398 1108 antece·

214 1229 216 1235 ,
302 1157 453 1222 dentibus
487 1159 552 1242 <Vt
569 1159 610 1223 43
639 1181 670 1246 p.
686 1158 778 1241 222);
812 1168 939 1240 copitare
970 1182 989 1225 a
1016 1166 1141 1240 eopeodo
1172 1165 1290 1233 dictim,
1321 1179 1402 1221 mem

301 1273 395 1347 plura
417 1276 449 1333 in
469 1292 559 1334 auam
580 1278 656 1349 cepit
679 1252 756 1334 aride
778 1275 883 1348 eltpere
898 1276 1003 1346 possit.
1033 1271 1086 1348 [ste
1107 1292 1121 1332 c
1142 1273 1215 1332 locta
1235 1277 1332 1332 coacto
1353 1291 1400 1332 aa·

303 1401 369 1444 seae
388 1379 577 1456 nominatao]‚
599 1386 641 1443 sie
661 1402 696 1442 11
716 1385 879 1444 saeveritas
900 1387 993 1443 contio
1015 1385 1093 1442 dieta
1117 1397 1145 1440 1.
1159 1399 1188 1462 q.
1203 1399 1227 1440 s.
1249 1375 1341 1440 uncis
1355 1374 1401 1437 in-

303 1486 392 1550 clusa
412 1487 491 1551 ferri
513 1496 689 1570 nequeunt.
734 1487 827 1573 plura
859 1486 946 1552 enirn
973 1509 1038 1551 non
1070 1493 1231 1572 eoguntur
1254 1483 1287 1548 in
1315 1484 1400 1548 laete

303 1604 339 1659 ut
360 1616 473 1662 caseus
495 1593 561 1677 fiat,
584 1595 642 1659 sed
665 1595 770 1680 ipsum
794 1597 846 1662 lae
869 1595 1008 1680 cogitur,
1030 1617 1097 1660 uox
1111 1604 1154 1660 ste
1178 1615 1257 1678 ergo
1278 1592 1400 1679 inepta.

303 1703 520 1788 atqueVarro
543 1725 674 1791 semper
695 1703 819 1770 sercin
843 1702 1097 1768 deriuaticnibus
1118 1728 1136 1768 o
1160 1700 1400 1789 praepositione

304 1813 406 1878 utitur
426 1813 474 1896 (in
494 1815 706 1901 sequentibus
728 1837 786 1879 our
807 1813 841 1878 id
861 1835 927 1877 non
948 1813 1065 1879 fecerit
1086 1812 1231 1900 adparet,
1255 1819 1397 1899 praeter-

305 1945 400 2010 quam
432 1923 519 2008 quod
552 1924 688 1990 interest
719 1924 842 2008 aliquid
864 1923 950 1987 inter
973 1923 1082 1986 dicere
1106 1931 1138 1986 et
1161 1921 1344 2004 nominare)
1368 1929 1400 1986 ct

303 2031 338 2096 in
361 2032 509 2098 omnibus
533 2054 615 2119 quae
637 2032 690 2096 hie
713 2053 787 2096 eum
810 2052 932 2115 cogere
954 2031 1127 2116 conposuit
1151 2031 1319 2096 uocabulis
1344 2053 1401 2094 uo·

306 2139 409 2204 colem
430 2165 446 2206 o
467 2140 619 2222 seruauit,
641 2139 727 2226 quod
743 2138 888 2226 quamuis
904 2137 1074 2204 lcuidcnse
1097 2139 1246 2204 uideatur
1266 2139 1401 2203 alieuius

306 2249 467 2314 momenti
482 2259 540 2313 est.
564 2257 692 2336 sumpta
705 2257 780 2314 sunt
792 2249 892 2312 uerba
905 2269 947 2312 ex
960 2247 1043 2312 libro
1055 2248 1086 2310 V
1102 2246 1160 2312 108
1172 2269 1204 2334 p.
1219 2248 1272 2310 111
1300 2271 1401 2313 caseus

306 2383 326 2423 o
354 2367 450 2442 coacto
479 2364 551 2424 tecte
579 2369 611 2424 at
636 2381 760 2424 caereus
791 2365 895 2424 dictus.
939 2355 1088 2420 similiter
1115 2355 1148 2418 in
1177 2354 1291 2423 eodem
1313 2355 1399 2422 libre

307 2475 401 2532 sexto
423 2465 463 2530 69
484 2490 516 2554 p.
527 2466 589 2530 246
620 2466 721 2531 uerba
753 2473 876 2545 spondet
898 2474 973 2532 enim
998 2474 1048 2545 qai
1069 2472 1140 2531 dicit
1162 2489 1181 2530 o
1201 2489 1257 2530 sao
1278 2475 1403 2544 sponte:

306 2584 436 2657 spondeo
457 2564 605 2662 'repetita
636 2585 711 2642 sunt
739 2597 756 2640 e
788 2574 974 2663 praemissis
1003 2575 1043 2638 tu
1068 2598 1099 2662 p.
1111 2573 1174 2638 245
1196 2581 1341 2654 sporadere
1363 2583 1405 2639 eet

305 2697 402 2755 dicere
421 2695 559 2770 spondeo,
581 2700 722 2770 aspoate,
745 2711 814 2756 uam
832 2696 866 2754 td
886 2695 966 2754 ualet
986 2687 1081 2772 (ualet
1099 2699 1126 2754 et
1148 2688 1220 2756 cod.
1245 2689 1404 2778 ef.Spen·
1476 2717 1478 2722 ·

250 2787 252 2794 ¹
306 2798 363 2884 gel
386 2798 408 2862 l.
431 2799 452 2864 l.
477 2817 508 2882 p.
530 2797 584 2878 29)
603 2823 622 2864 α
644 2806 803 2864 uoluntate.
825 2807 857 2862 et
878 2797 919 2862 84
941 2815 972 2883 p.
990 2795 1049 2862 261
1076 2819 1158 2884 quae
1180 2799 1341 2884 leguntur
1359 2811 1403 2865 tn·

307 2917 404 2976 dictem
424 2919 530 2989 pateus
559 2916 638 2989 qaod
657 2917 700 2974 ete
717 2933 855 2989 praeeram
877 2917 1029 2988 antiquum
1052 2933 1111 2974 non
1141 2920 1174 2974 ut
1195 2933 1273 2975 auae
1296 2908 1402 2989 φρέαρ

307 3027 416 3085 dictum
438 3039 455 3082 e
475 3017 560 3083 libro
583 3017 695 3101 quinto
718 3017 759 3079 25
771 3039 802 3102 p.
817 3017 857 3079 41
877 3015 987 3080 inlata.
1011 3016 1050 3080 ef.
1063 3038 1145 3104 quae
1168 3041 1199 3104 p.
1214 3017 1250 3080 lt
1267 3017 1308 3080 de
1328 3017 1404 3082 libri

308 3126 410 3214 quinti
422 3126 463 3190 22
474 3127 550 3212 p.3t
563 3126 642 3190 dixi.
666 3123 724 3190 sed
737 3125 837 3188 redeo
850 3124 891 3188 ed
902 3125 1011 3188 locum
1024 3125 1289 3214 suprascriptum.
1311 3125 1405 3189 uerbi

309 3243 419 3298 metuo
436 3255 516 3321 quae
529 3233 572 3298 ibi
587 3234 754 3320 profertur
770 3232 943 3320 explicatio
956 3235 1074 3298 misere
1090 3234 1238 3298 confecta
1249 3242 1299 3298 est
1313 3255 1355 3299 ex
1367 3255 1406 3298 ea

309 3366 391 3429 quae
412 3344 497 3408 infra
518 3343 640 3430 legitur
661 3355 787 3410 metuere
808 3367 827 3408 a
848 3351 973 3423 quedam
992 3355 1071 3421 aeota
1092 3352 1183 3408 antrat
1204 3369 1268 3410 1111
1282 3351 1315 3409 td
1328 3351 1406 3424 qaod

307 3461 382 3520 male
404 3453 525 3537 (1111111111
545 3452 586 3540 F)
609 3475 746 3519 casuram
765 3463 853 3532 putat
874 3459 983 3535 refaqtt
1002 3476 1083 3518 mens
1105 3453 1150 3539 (p.
1171 3453 1255 3532 225),
1278 3453 1337 3518 sed
1361 3457 1405 3516 ita

308 3573 343 3628 ut
354 3564 506 3649 neglecto
518 3563 580 3628 hoc
592 3561 774 3647 ueriloquio
786 3587 866 3628 111111
879 3561 1081 3628 uocabulum»
1093 3571 1258 3650 prematur
1275 3572 1310 3626 ct
1327 3571 1405 3626 taur

310 3695 405 3760 quam
421 3681 554 3758 etymon
569 3682 718 3761 ponatur,
732 3655 752 3734 a
766 3693 828 3755 quo
844 3671 1008 3736 reminisci
1025 3693 1052 3736 e.
1065 3695 1130 3758 q.s.
1150 3694 1278 3760 quoque
1298 3672 1405 3737 ducta.

310 3783 428 3849 deinde
449 3785 549 3849 uerba
571 3803 633 3847 nee
655 3792 690 3847 ut
715 3781 833 3868 scripta
855 3790 929 3844 sunt·
960 3803 1070 3846 sanam
1092 3783 1250 3866 praebent
1278 3792 1405 3848 senten-

310 3891 387 3958 tiam
411 3897 471 3958 nec
494 3893 653 3984 quomodo
677 3891 775 3955 talem
798 3889 919 3954 efficias
942 3889 1038 3954 facile
1065 3899 1113 3954 est
1134 3889 1241 3976 dictu,‘
1255 3915 1330 3955 nam
1348 3890 1405 3954 uix

311 3999 397 4090 qued
418 4002 615 4091 Spengelius
638 4001 807 4088 proposuit
837 4009 903 4066 latae
921 4007 1017 4090 ’ettam
1039 4008 1174 4078 1111111111,
1196 4012 1317 4066 1111111111
1339 4026 1406 4080 qao·

311 4121 462 4180 dommodo
490 4123 595 4178 motam
623 4120 757 4178 amoutstt
787 4108 936 4196 placebit.
980 4109 1210 4195 grauissimum
1243 4131 1321 4174 uero
1347 4119 1405 4192 est,

312 4222 399 4310 quod
436 4220 603 4309 praeteriti
635 4243 775 4307 persona
807 4219 948 4285 secunda
980 4241 1138 4306 nusquam
1168 4229 1338 4306 practerea
1372 4220 1406 4288 in

311 4332 486 4398 uerborum
509 4329 718 4416 etymologiis
745 4329 877 4419 ponitur
904 4350 966 4394 nec
989 4347 1048 4394 eur
1079 4327 1133 4394 hie
1161 4337 1302 4416 ponatur
1332 4349 1405 4417 per·
