<?xml version="1.0" encoding="UTF-8"?>
<!DOCTYPE html PUBLIC "-//W3C//DTD XHTML 1.0 Transitional//EN"
    "http://www.w3.org/TR/xhtml1/DTD/xhtml1-transitional.dtd">
<html xmlns="http://www.w3.org/1999/xhtml" xml:lang="en" lang="en">
 <head>
  <title>
</title>
<meta http-equiv="Content-Type" content="text/html;charset=utf-8" />
  <meta name='ocr-system' content='tesseract 3.04.00' />
  <meta name='ocr-capabilities' content='ocr_page ocr_carea ocr_par ocr_line ocrx_word'/>
</head>
<body>
  <div class='ocr_page' id='page_1' title='image "./demterentivarro00wilmgoog_0100.png"; bbox 0 0 3126 5146; ppageno 0'>
   <div class='ocr_carea' id='block_1_1' title="bbox 707 516 747 573">
    <p class='ocr_par' dir='ltr' id='par_1_1' title="bbox 707 516 747 573">
     <span class='ocr_line' id='line_1_1' title="bbox 707 516 747 573; baseline -0.025 0"><span class='ocrx_word' id='word_1_1' title='bbox 707 516 747 573; x_wconf 76' lang='grc'>81</span> 
     </span>
    </p>
   </div>
   <div class='ocr_carea' id='block_1_2' title="bbox 173 687 1275 3073">
    <p class='ocr_par' dir='ltr' id='par_1_2' title="bbox 173 687 1275 3073">
     <span class='ocr_line' id='line_1_2' title="bbox 174 687 1273 780; baseline 0.001 -25"><span class='ocrx_word' id='word_1_2' title='bbox 174 711 289 756; x_wconf 89' lang='lat' dir='ltr'>roncm</span> <span class='ocrx_word' id='word_1_3' title='bbox 308 689 417 756; x_wconf 82' lang='lat' dir='ltr'>Lucili</span> <span class='ocrx_word' id='word_1_4' title='bbox 439 689 619 755; x_wconf 88' lang='lat' dir='ltr'>doctrinam</span> <span class='ocrx_word' id='word_1_5' title='bbox 643 688 758 754; x_wconf 89' lang='lat' dir='ltr'>deIet</span> <span class='ocrx_word' id='word_1_6' title='bbox 771 687 818 754; x_wconf 82' lang='grc' dir='ltr'>ΕΙ</span> <span class='ocrx_word' id='word_1_7' title='bbox 830 688 1032 776; x_wconf 72' lang='lat' dir='ltr'>inprobasse,</span> <span class='ocrx_word' id='word_1_8' title='bbox 1053 711 1085 780; x_wconf 87' lang='lat' dir='ltr'>p.</span> <span class='ocrx_word' id='word_1_9' title='bbox 1099 691 1180 756; x_wconf 89' lang='grc'><strong>2261</strong></span> <span class='ocrx_word' id='word_1_10' title='bbox 1196 713 1273 756; x_wconf 89' lang='lat' dir='ltr'>eun·</span> 
     </span>
     <span class='ocr_line' id='line_1_3' title="bbox 175 797 1270 886; baseline -0.001 -21"><span class='ocrx_word' id='word_1_11' title='bbox 175 800 250 865; x_wconf 89' lang='lat' dir='ltr'>dem</span> <span class='ocrx_word' id='word_1_12' title='bbox 270 805 343 866; x_wconf 72' lang='lat' dir='ltr'>arte</span> <span class='ocrx_word' id='word_1_13' title='bbox 364 808 397 864; x_wconf 93' lang='lat' dir='ltr'>et</span> <span class='ocrx_word' id='word_1_14' title='bbox 423 803 532 880; x_wconf 81' lang='lat' dir='ltr'>Pelope</span> <span class='ocrx_word' id='word_1_15' title='bbox 552 797 652 864; x_wconf 88' lang='lat' dir='ltr'>scribi</span> <span class='ocrx_word' id='word_1_16' title='bbox 677 797 827 879; x_wconf 83' lang='lat' dir='ltr'>iussisse;</span> <span class='ocrx_word' id='word_1_17' title='bbox 849 805 1024 886; x_wconf 89' lang='lat' dir='ltr'>utrumque</span> <span class='ocrx_word' id='word_1_18' title='bbox 1045 822 1112 866; x_wconf 93' lang='lat' dir='ltr'>non</span> <span class='ocrx_word' id='word_1_19' title='bbox 1133 801 1178 865; x_wconf 90' lang='lat' dir='ltr'>ita</span> <span class='ocrx_word' id='word_1_20' title='bbox 1201 800 1270 886; x_wconf 89' lang='lat' dir='ltr'>qui·</span> 
     </span>
     <span class='ocr_line' id='line_1_4' title="bbox 175 906 1271 997; baseline -0.003 -21"><span class='ocrx_word' id='word_1_21' title='bbox 175 910 251 976; x_wconf 87' lang='lat' dir='ltr'>dem</span> <span class='ocrx_word' id='word_1_22' title='bbox 273 909 406 997; x_wconf 88' lang='lat' dir='ltr'>copioso</span> <span class='ocrx_word' id='word_1_23' title='bbox 427 908 528 974; x_wconf 91' lang='lat' dir='ltr'>habes</span> <span class='ocrx_word' id='word_1_24' title='bbox 550 907 637 994; x_wconf 91' lang='lat' dir='ltr'>apud</span> <span class='ocrx_word' id='word_1_25' title='bbox 658 907 791 972; x_wconf 89' lang='lat' dir='ltr'>Volinm</span> <span class='ocrx_word' id='word_1_26' title='bbox 814 928 845 992; x_wconf 90' lang='lat' dir='ltr'>p.</span> <span class='ocrx_word' id='word_1_27' title='bbox 858 906 951 971; x_wconf 90' lang='grc'><strong>2220.</strong></span> <span class='ocrx_word' id='word_1_28' title='bbox 972 931 1004 996; x_wconf 92' lang='lat' dir='ltr'>p.</span> <span class='ocrx_word' id='word_1_29' title='bbox 1016 907 1162 976; x_wconf 74' lang='lat' dir='ltr'>raee‘ef.</span> <span class='ocrx_word' id='word_1_30' title='bbox 1176 909 1271 997; x_wconf 90' lang='lat' dir='ltr'>Papi·</span> 
     </span>
     <span class='ocr_line' id='line_1_5' title="bbox 173 1016 1273 1104; baseline -0.002 -20"><span class='ocrx_word' id='word_1_31' title='bbox 173 1019 302 1084; x_wconf 90' lang='lat' dir='ltr'>rianum</span> <span class='ocrx_word' id='word_1_32' title='bbox 324 1017 510 1085; x_wconf 87' lang='lat' dir='ltr'>Cassiodori</span> <span class='ocrx_word' id='word_1_33' title='bbox 532 1039 563 1104; x_wconf 88' lang='lat' dir='ltr'>p.</span> <span class='ocrx_word' id='word_1_34' title='bbox 575 1016 668 1082; x_wconf 89' lang='grc'><strong>2291.</strong></span> <span class='ocrx_word' id='word_1_35' title='bbox 691 1039 757 1081; x_wconf 88' lang='lat' dir='ltr'>non</span> <span class='ocrx_word' id='word_1_36' title='bbox 780 1016 887 1082; x_wconf 90' lang='lat' dir='ltr'>minus</span> <span class='ocrx_word' id='word_1_37' title='bbox 910 1017 1105 1104; x_wconf 87' lang='lat' dir='ltr'>conspicuus</span> <span class='ocrx_word' id='word_1_38' title='bbox 1128 1028 1177 1084; x_wconf 88' lang='lat' dir='ltr'>est</span> <span class='ocrx_word' id='word_1_39' title='bbox 1198 1040 1273 1083; x_wconf 92' lang='lat' dir='ltr'>con-</span> 
     </span>
     <span class='ocr_line' id='line_1_6' title="bbox 173 1124 1272 1216; baseline -0.002 -23"><span class='ocrx_word' id='word_1_40' title='bbox 173 1150 287 1194; x_wconf 82' lang='lat' dir='ltr'>sensus</span> <span class='ocrx_word' id='word_1_41' title='bbox 313 1148 530 1213; x_wconf 90' lang='lat' dir='ltr'>eorumquae</span> <span class='ocrx_word' id='word_1_42' title='bbox 555 1148 597 1192; x_wconf 89' lang='lat' dir='ltr'>cx</span> <span class='ocrx_word' id='word_1_43' title='bbox 619 1125 756 1190; x_wconf 88' lang='lat' dir='ltr'>Annaeo</span> <span class='ocrx_word' id='word_1_44' title='bbox 780 1124 927 1192; x_wconf 90' lang='lat' dir='ltr'>Cornuto</span> <span class='ocrx_word' id='word_1_45' title='bbox 958 1127 1123 1216; x_wconf 79' lang='lat' dir='ltr'>excerpsit</span> <span class='ocrx_word' id='word_1_46' title='bbox 1146 1127 1272 1195; x_wconf 84' lang='lat' dir='ltr'>Cassio-</span> 
     </span>
     <span class='ocr_line' id='line_1_7' title="bbox 175 1233 1271 1322; baseline -0.002 -20"><span class='ocrx_word' id='word_1_47' title='bbox 175 1235 286 1302; x_wconf 92' lang='lat' dir='ltr'>dorius</span> <span class='ocrx_word' id='word_1_48' title='bbox 295 1235 321 1321; x_wconf 84' lang='lat'>¹)</span> <span class='ocrx_word' id='word_1_49' title='bbox 345 1233 663 1320; x_wconf 86' lang='lat' dir='ltr'>oumVelioLongo.</span> <span class='ocrx_word' id='word_1_50' title='bbox 686 1253 770 1319; x_wconf 91' lang='lat' dir='ltr'>quae</span> <span class='ocrx_word' id='word_1_51' title='bbox 784 1233 1097 1322; x_wconf 82' lang='lat' dir='ltr'>eVarroneproiert</span> <span class='ocrx_word' id='word_1_52' title='bbox 1107 1235 1271 1303; x_wconf 82' lang='lat' dir='ltr'>Cornutus</span> 
     </span>
     <span class='ocr_line' id='line_1_8' title="bbox 173 1343 1273 1434; baseline 0 -24"><span class='ocrx_word' id='word_1_53' title='bbox 173 1345 298 1434; x_wconf 76' lang='lat' dir='ltr'><strong>p.2282</strong></span> <span class='ocrx_word' id='word_1_54' title='bbox 320 1345 361 1410; x_wconf 91' lang='lat' dir='ltr'>dc</span> <span class='ocrx_word' id='word_1_55' title='bbox 382 1345 501 1411; x_wconf 91' lang='lat' dir='ltr'>littoris</span> <span class='ocrx_word' id='word_1_56' title='bbox 516 1343 634 1411; x_wconf 79' lang='lat' dir='ltr'>VetF</span> <span class='ocrx_word' id='word_1_57' title='bbox 656 1353 689 1408; x_wconf 89' lang='lat' dir='ltr'>et</span> <span class='ocrx_word' id='word_1_58' title='bbox 710 1365 742 1432; x_wconf 90' lang='lat' dir='ltr'>p.</span> <span class='ocrx_word' id='word_1_59' title='bbox 753 1343 837 1409; x_wconf 82' lang='grc'><strong>2284</strong></span> <span class='ocrx_word' id='word_1_60' title='bbox 859 1343 900 1408; x_wconf 90' lang='lat' dir='ltr'>de</span> <span class='ocrx_word' id='word_1_61' title='bbox 920 1343 939 1408; x_wconf 95' lang='lat' dir='ltr'>I</span> <span class='ocrx_word' id='word_1_62' title='bbox 958 1343 1074 1432; x_wconf 86' lang='lat' dir='ltr'>pingui</span> <span class='ocrx_word' id='word_1_63' title='bbox 1096 1354 1273 1411; x_wconf 87' lang='lat' dir='ltr'>recurrunt</span> 
     </span>
     <span class='ocr_line' id='line_1_9' title="bbox 174 1452 1272 1545; baseline -0.002 -24"><span class='ocrx_word' id='word_1_64' title='bbox 174 1457 261 1545; x_wconf 88' lang='lat' dir='ltr'>apud</span> <span class='ocrx_word' id='word_1_65' title='bbox 281 1456 375 1520; x_wconf 91' lang='lat' dir='ltr'>illum</span> <span class='ocrx_word' id='word_1_66' title='bbox 398 1477 430 1542; x_wconf 89' lang='lat' dir='ltr'>p.</span> <span class='ocrx_word' id='word_1_67' title='bbox 442 1454 525 1520; x_wconf 89' lang='grc'><strong>2222</strong></span> <span class='ocrx_word' id='word_1_68' title='bbox 548 1464 580 1518; x_wconf 91' lang='lat' dir='ltr'>et</span> <span class='ocrx_word' id='word_1_69' title='bbox 597 1477 628 1542; x_wconf 91' lang='lat' dir='ltr'>p.</span> <span class='ocrx_word' id='word_1_70' title='bbox 640 1453 723 1519; x_wconf 89' lang='grc'><strong>2216</strong></span> <span class='ocrx_word' id='word_1_71' title='bbox 738 1453 794 1538; x_wconf 84' lang='lat' dir='ltr'>(ci.</span> <span class='ocrx_word' id='word_1_72' title='bbox 806 1477 839 1541; x_wconf 92' lang='lat' dir='ltr'>p.</span> <span class='ocrx_word' id='word_1_73' title='bbox 849 1452 944 1522; x_wconf 89' lang='grc'><strong>2228.</strong></span> <span class='ocrx_word' id='word_1_74' title='bbox 966 1453 1109 1522; x_wconf 76' lang='lat' dir='ltr'>Scaurus</span> <span class='ocrx_word' id='word_1_75' title='bbox 1121 1475 1153 1541; x_wconf 91' lang='lat' dir='ltr'>p.</span> <span class='ocrx_word' id='word_1_76' title='bbox 1164 1454 1272 1536; x_wconf 82' lang='grc'><strong>2269).</strong></span> 
     </span>
     <span class='ocr_line' id='line_1_10' title="bbox 173 1555 1273 1653; baseline -0.002 -23"><span class='ocrx_word' id='word_1_77' title='bbox 173 1575 344 1653; x_wconf 89' lang='lat' dir='ltr'>praeterea</span> <span class='ocrx_word' id='word_1_78' title='bbox 370 1561 534 1630; x_wconf 76' lang='lat' dir='ltr'>Cornutus</span> <span class='ocrx_word' id='word_1_79' title='bbox 557 1587 589 1650; x_wconf 89' lang='lat' dir='ltr'>p.</span> <span class='ocrx_word' id='word_1_80' title='bbox 605 1563 700 1630; x_wconf 84' lang='grc'><strong>2285.</strong></span> <span class='ocrx_word' id='word_1_81' title='bbox 722 1587 754 1651; x_wconf 95' lang='lat' dir='ltr'>p.</span> <span class='ocrx_word' id='word_1_82' title='bbox 772 1562 855 1628; x_wconf 88' lang='grc'><strong>2286</strong></span> <span class='ocrx_word' id='word_1_83' title='bbox 879 1562 1039 1628; x_wconf 79' lang='lat' dir='ltr'>Varronis</span> <span class='ocrx_word' id='word_1_84' title='bbox 1064 1562 1106 1628; x_wconf 92' lang='lat' dir='ltr'>de</span> <span class='ocrx_word' id='word_1_85' title='bbox 1129 1555 1273 1652; x_wconf 86' lang='lat' dir='ltr'>adspira·</span> 
     </span>
     <span class='ocr_line' id='line_1_11' title="bbox 174 1671 1273 1762; baseline -0.002 -22"><span class='ocrx_word' id='word_1_86' title='bbox 174 1675 264 1740; x_wconf 87' lang='lat' dir='ltr'>tione</span> <span class='ocrx_word' id='word_1_87' title='bbox 297 1684 474 1762; x_wconf 88' lang='lat' dir='ltr'>praecepta</span> <span class='ocrx_word' id='word_1_88' title='bbox 499 1674 670 1762; x_wconf 83' lang='lat' dir='ltr'>inpugnat,</span> <span class='ocrx_word' id='word_1_89' title='bbox 701 1672 742 1738; x_wconf 92' lang='lat' dir='ltr'>de</span> <span class='ocrx_word' id='word_1_90' title='bbox 774 1694 837 1757; x_wconf 87' lang='lat' dir='ltr'>qua</span> <span class='ocrx_word' id='word_1_91' title='bbox 865 1693 901 1737; x_wconf 91' lang='lat' dir='ltr'>re</span> <span class='ocrx_word' id='word_1_92' title='bbox 924 1672 1059 1738; x_wconf 87' lang='lat' dir='ltr'>Velium</span> <span class='ocrx_word' id='word_1_93' title='bbox 1081 1693 1100 1738; x_wconf 91' lang='lat' dir='ltr'>c</span> <span class='ocrx_word' id='word_1_94' title='bbox 1122 1671 1273 1738; x_wconf 88' lang='lat' dir='ltr'>Varrone</span> 
     </span>
     <span class='ocr_line' id='line_1_12' title="bbox 173 1781 1273 1869; baseline 0.001 -21"><span class='ocrx_word' id='word_1_95' title='bbox 173 1784 318 1850; x_wconf 82' lang='lat' dir='ltr'>hausisse</span> <span class='ocrx_word' id='word_1_96' title='bbox 350 1783 448 1850; x_wconf 88' lang='lat' dir='ltr'>modo</span> <span class='ocrx_word' id='word_1_97' title='bbox 480 1782 633 1850; x_wconf 88' lang='lat' dir='ltr'>uidimus.</span> <span class='ocrx_word' id='word_1_98' title='bbox 675 1791 788 1848; x_wconf 89' lang='lat' dir='ltr'>contra</span> <span class='ocrx_word' id='word_1_99' title='bbox 809 1781 947 1848; x_wconf 88' lang='lat' dir='ltr'>Cornuti</span> <span class='ocrx_word' id='word_1_100' title='bbox 969 1781 1121 1866; x_wconf 87' lang='lat' dir='ltr'>antiquos</span> <span class='ocrx_word' id='word_1_101' title='bbox 1144 1805 1176 1869; x_wconf 83' lang='lat' dir='ltr'>p.</span> <span class='ocrx_word' id='word_1_102' title='bbox 1190 1782 1273 1849; x_wconf 86' lang='grc'><strong>2286</strong></span> 
     </span>
     <span class='ocr_line' id='line_1_13' title="bbox 174 1891 1272 1980; baseline -0.003 -22"><span class='ocrx_word' id='word_1_103' title='bbox 174 1893 259 1958; x_wconf 88' lang='lat' dir='ltr'>iuter</span> <span class='ocrx_word' id='word_1_104' title='bbox 278 1893 360 1958; x_wconf 86' lang='lat' dir='ltr'>alios</span> <span class='ocrx_word' id='word_1_105' title='bbox 370 1893 553 1960; x_wconf 85' lang='lat' dir='ltr'>Varronem</span> <span class='ocrx_word' id='word_1_106' title='bbox 576 1913 649 1958; x_wconf 91' lang='lat' dir='ltr'>esse</span> <span class='ocrx_word' id='word_1_107' title='bbox 671 1891 848 1958; x_wconf 85' lang='lat' dir='ltr'>ostendunt</span> <span class='ocrx_word' id='word_1_108' title='bbox 857 1892 976 1957; x_wconf 88' lang='lat' dir='ltr'>Velius</span> <span class='ocrx_word' id='word_1_109' title='bbox 987 1891 1123 1978; x_wconf 87' lang='lat' dir='ltr'>Longus</span> <span class='ocrx_word' id='word_1_110' title='bbox 1146 1915 1179 1980; x_wconf 90' lang='lat' dir='ltr'>p.</span> <span class='ocrx_word' id='word_1_111' title='bbox 1189 1891 1272 1956; x_wconf 86' lang='grc'><strong>2229</strong></span> 
     </span>
     <span class='ocr_line' id='line_1_14' title="bbox 176 2001 1274 2090; baseline -0.002 -23"><span class='ocrx_word' id='word_1_112' title='bbox 176 2011 209 2067; x_wconf 88' lang='lat' dir='ltr'>et</span> <span class='ocrx_word' id='word_1_113' title='bbox 226 2003 401 2069; x_wconf 83' lang='lat' dir='ltr'>Terentius</span> <span class='ocrx_word' id='word_1_114' title='bbox 426 2001 568 2071; x_wconf 79' lang='lat' dir='ltr'>Scaurus</span> <span class='ocrx_word' id='word_1_115' title='bbox 592 2025 624 2090; x_wconf 91' lang='lat' dir='ltr'>p.</span> <span class='ocrx_word' id='word_1_116' title='bbox 638 2002 730 2069; x_wconf 80' lang='grc'><strong>2266.</strong></span> <span class='ocrx_word' id='word_1_117' title='bbox 752 2001 946 2089; x_wconf 83' lang='lat' dir='ltr'>grauissima</span> <span class='ocrx_word' id='word_1_118' title='bbox 970 2001 1081 2089; x_wconf 85' lang='lat' dir='ltr'>delegi</span> <span class='ocrx_word' id='word_1_119' title='bbox 1104 2010 1140 2068; x_wconf 91' lang='lat' dir='ltr'>nt</span> <span class='ocrx_word' id='word_1_120' title='bbox 1163 2001 1274 2087; x_wconf 83' lang='lat' dir='ltr'>singu-</span> 
     </span>
     <span class='ocr_line' id='line_1_15' title="bbox 174 2111 1274 2200; baseline 0 -22"><span class='ocrx_word' id='word_1_121' title='bbox 174 2113 279 2178; x_wconf 84' lang='lat' dir='ltr'>larem</span> <span class='ocrx_word' id='word_1_122' title='bbox 298 2112 416 2178; x_wconf 86' lang='lat' dir='ltr'>horum</span> <span class='ocrx_word' id='word_1_123' title='bbox 439 2112 637 2200; x_wconf 87' lang='lat' dir='ltr'>scriptorum</span> <span class='ocrx_word' id='word_1_124' title='bbox 662 2133 855 2178; x_wconf 88' lang='lat' dir='ltr'>consensum</span> <span class='ocrx_word' id='word_1_125' title='bbox 877 2113 1110 2194; x_wconf 83' lang='lat' dir='ltr'>demonstrem,</span> <span class='ocrx_word' id='word_1_126' title='bbox 1133 2111 1229 2199; x_wconf 81' lang='lat' dir='ltr'>plurs</span> <span class='ocrx_word' id='word_1_127' title='bbox 1238 2112 1274 2178; x_wconf 92' lang='lat' dir='ltr'>in</span> 
     </span>
     <span class='ocr_line' id='line_1_16' title="bbox 174 2219 1273 2308; baseline 0.002 -24"><span class='ocrx_word' id='word_1_128' title='bbox 174 2221 257 2286; x_wconf 87' lang='lat' dir='ltr'>locis</span> <span class='ocrx_word' id='word_1_129' title='bbox 278 2219 398 2288; x_wconf 84' lang='lat' dir='ltr'>diserte</span> <span class='ocrx_word' id='word_1_130' title='bbox 410 2220 551 2286; x_wconf 82' lang='lat' dir='ltr'>Varroni</span> <span class='ocrx_word' id='word_1_131' title='bbox 566 2221 737 2308; x_wconf 81' lang='lat' dir='ltr'>adscriptis</span> <span class='ocrx_word' id='word_1_132' title='bbox 755 2220 922 2286; x_wconf 86' lang='lat' dir='ltr'>adnotatio</span> <span class='ocrx_word' id='word_1_133' title='bbox 944 2230 1056 2287; x_wconf 87' lang='lat' dir='ltr'>nostra</span> <span class='ocrx_word' id='word_1_134' title='bbox 1077 2219 1273 2308; x_wconf 85' lang='lat' dir='ltr'>suppeditat.</span> 
     </span>
     <span class='ocr_line' id='line_1_17' title="bbox 176 2329 1273 2420; baseline -0.001 -24"><span class='ocrx_word' id='word_1_135' title='bbox 176 2348 220 2396; x_wconf 83' lang='lat' dir='ltr'>ex</span> <span class='ocrx_word' id='word_1_136' title='bbox 242 2330 304 2396; x_wconf 84' lang='lat' dir='ltr'>hec</span> <span class='ocrx_word' id='word_1_137' title='bbox 328 2352 410 2396; x_wconf 90' lang='lat' dir='ltr'>uero</span> <span class='ocrx_word' id='word_1_138' title='bbox 431 2330 567 2418; x_wconf 81' lang='lat' dir='ltr'>egregia</span> <span class='ocrx_word' id='word_1_139' title='bbox 587 2331 804 2416; x_wconf 84' lang='lat' dir='ltr'>congruentia</span> <span class='ocrx_word' id='word_1_140' title='bbox 824 2330 939 2396; x_wconf 86' lang='lat' dir='ltr'>eodem</span> <span class='ocrx_word' id='word_1_141' title='bbox 956 2351 1056 2420; x_wconf 87' lang='lat' dir='ltr'>opere</span> <span class='ocrx_word' id='word_1_142' title='bbox 1067 2329 1273 2396; x_wconf 76' lang='lat' dir='ltr'>Varroniano</span> 
     </span>
     <span class='ocr_line' id='line_1_18' title="bbox 176 2437 1273 2525; baseline -0.002 -19"><span class='ocrx_word' id='word_1_143' title='bbox 176 2461 288 2506; x_wconf 85' lang='lat' dir='ltr'>omnes</span> <span class='ocrx_word' id='word_1_144' title='bbox 316 2461 392 2506; x_wconf 88' lang='lat' dir='ltr'>usos</span> <span class='ocrx_word' id='word_1_145' title='bbox 426 2461 589 2506; x_wconf 86' lang='lat' dir='ltr'>essenon</span> <span class='ocrx_word' id='word_1_146' title='bbox 618 2439 772 2507; x_wconf 87' lang='lat' dir='ltr'>audacius</span> <span class='ocrx_word' id='word_1_147' title='bbox 799 2439 969 2525; x_wconf 87' lang='lat' dir='ltr'>conligere</span> <span class='ocrx_word' id='word_1_148' title='bbox 1001 2438 1081 2504; x_wconf 90' lang='lat' dir='ltr'>mihi</span> <span class='ocrx_word' id='word_1_149' title='bbox 1110 2437 1273 2522; x_wconf 61' lang='lat' dir='ltr'>uideort),</span> 
     </span>
     <span class='ocr_line' id='line_1_19' title="bbox 175 2545 1273 2638; baseline -0.005 -22"><span class='ocrx_word' id='word_1_150' title='bbox 175 2571 250 2616; x_wconf 86' lang='lat' dir='ltr'>nam</span> <span class='ocrx_word' id='word_1_151' title='bbox 271 2549 354 2614; x_wconf 77' lang='lat' dir='ltr'>ulter</span> <span class='ocrx_word' id='word_1_152' title='bbox 377 2549 525 2632; x_wconf 86' lang='lat' dir='ltr'>alterum,</span> <span class='ocrx_word' id='word_1_153' title='bbox 546 2548 704 2614; x_wconf 80' lang='lat' dir='ltr'>Varronis</span> <span class='ocrx_word' id='word_1_154' title='bbox 726 2548 859 2614; x_wconf 89' lang='lat' dir='ltr'>nomine</span> <span class='ocrx_word' id='word_1_155' title='bbox 882 2547 923 2614; x_wconf 83' lang='lat' dir='ltr'>ab</span> <span class='ocrx_word' id='word_1_156' title='bbox 945 2547 1013 2638; x_wconf 85' lang='lat' dir='ltr'>alio</span> <span class='ocrx_word' id='word_1_157' title='bbox 1030 2546 1118 2632; x_wconf 89' lang='lat' dir='ltr'>huic,</span> <span class='ocrx_word' id='word_1_158' title='bbox 1148 2547 1188 2612; x_wconf 92' lang='lat' dir='ltr'>ab</span> <span class='ocrx_word' id='word_1_159' title='bbox 1210 2545 1273 2612; x_wconf 85' lang='lat' dir='ltr'>aiio</span> 
     </span>
     <span class='ocr_line' id='line_1_20' title="bbox 174 2655 1275 2746; baseline -0.003 -23"><span class='ocrx_word' id='word_1_160' title='bbox 174 2657 224 2723; x_wconf 86' lang='lat' dir='ltr'>ilii</span> <span class='ocrx_word' id='word_1_161' title='bbox 247 2658 466 2726; x_wconf 86' lang='lat' dir='ltr'>obseruationi</span> <span class='ocrx_word' id='word_1_162' title='bbox 488 2657 647 2746; x_wconf 85' lang='lat' dir='ltr'>adposito,</span> <span class='ocrx_word' id='word_1_163' title='bbox 666 2680 733 2724; x_wconf 90' lang='lat' dir='ltr'>non</span> <span class='ocrx_word' id='word_1_164' title='bbox 753 2657 920 2745; x_wconf 85' lang='lat' dir='ltr'>excripsit.</span> <span class='ocrx_word' id='word_1_165' title='bbox 942 2677 1050 2742; x_wconf 88' lang='lat' dir='ltr'>neque</span> <span class='ocrx_word' id='word_1_166' title='bbox 1070 2655 1182 2720; x_wconf 89' lang='lat' dir='ltr'>dubito</span> <span class='ocrx_word' id='word_1_167' title='bbox 1196 2656 1275 2740; x_wconf 90' lang='lat' dir='ltr'>quin</span> 
     </span>
     <span class='ocr_line' id='line_1_21' title="bbox 175 2764 1274 2856; baseline -0.004 -24"><span class='ocrx_word' id='word_1_168' title='bbox 175 2766 350 2856; x_wconf 84' lang='lat' dir='ltr'>scriptores</span> <span class='ocrx_word' id='word_1_169' title='bbox 370 2767 411 2833; x_wconf 90' lang='lat' dir='ltr'>de</span> <span class='ocrx_word' id='word_1_170' title='bbox 433 2766 676 2855; x_wconf 79' lang='lat' dir='ltr'>orthographia,</span> <span class='ocrx_word' id='word_1_171' title='bbox 709 2767 766 2852; x_wconf 89' lang='lat' dir='ltr'>qui</span> <span class='ocrx_word' id='word_1_172' title='bbox 784 2767 871 2832; x_wconf 86' lang='lat' dir='ltr'>hona</span> <span class='ocrx_word' id='word_1_173' title='bbox 890 2766 1039 2832; x_wconf 88' lang='lat' dir='ltr'>doctriua</span> <span class='ocrx_word' id='word_1_174' title='bbox 1065 2764 1215 2830; x_wconf 86' lang='lat' dir='ltr'>instructi</span> <span class='ocrx_word' id='word_1_175' title='bbox 1241 2773 1274 2829; x_wconf 92' lang='lat' dir='ltr'>et</span> 
     </span>
     <span class='ocr_line' id='line_1_22' title="bbox 176 2873 1273 2965; baseline -0.004 -23"><span class='ocrx_word' id='word_1_176' title='bbox 176 2877 259 2965; x_wconf 67' lang='lat' dir='ltr'>aptis</span> <span class='ocrx_word' id='word_1_177' title='bbox 274 2875 466 2960; x_wconf 67' lang='lat' dir='ltr'>¹auctoribus</span> <span class='ocrx_word' id='word_1_178' title='bbox 489 2875 539 2941; x_wconf 87' lang='lat' dir='ltr'>usi</span> <span class='ocrx_word' id='word_1_179' title='bbox 562 2897 633 2940; x_wconf 87' lang='lat' dir='ltr'>rem</span> <span class='ocrx_word' id='word_1_180' title='bbox 654 2883 832 2940; x_wconf 84' lang='lat' dir='ltr'>tractarunt</span> <span class='ocrx_word' id='word_1_181' title='bbox 854 2874 943 2957; x_wconf 87' lang='lat' dir='ltr'>(nam</span> <span class='ocrx_word' id='word_1_182' title='bbox 964 2874 1164 2961; x_wconf 87' lang='lat' dir='ltr'>posteriores</span> <span class='ocrx_word' id='word_1_183' title='bbox 1187 2873 1273 2960; x_wconf 87' lang='lat' dir='ltr'>prio·</span> 
     </span>
     <span class='ocr_line' id='line_1_23' title="bbox 175 2983 1274 3073; baseline -0.007 -19"><span class='ocrx_word' id='word_1_184' title='bbox 175 3007 229 3054; x_wconf 82' lang='lat' dir='ltr'>res</span> <span class='ocrx_word' id='word_1_185' title='bbox 251 3007 342 3052; x_wconf 90' lang='lat' dir='ltr'>mere</span> <span class='ocrx_word' id='word_1_186' title='bbox 374 2994 608 3073; x_wconf 85' lang='lat' dir='ltr'>excerpserunt</span> <span class='ocrx_word' id='word_1_187' title='bbox 641 3005 748 3072; x_wconf 86' lang='lat' dir='ltr'>neque</span> <span class='ocrx_word' id='word_1_188' title='bbox 771 2994 846 3050; x_wconf 91' lang='lat' dir='ltr'>sunt</span> <span class='ocrx_word' id='word_1_189' title='bbox 865 2983 1078 3072; x_wconf 84' lang='lat' dir='ltr'>respiciendi)</span> <span class='ocrx_word' id='word_1_190' title='bbox 1111 2983 1274 3070; x_wconf 88' lang='lat' dir='ltr'>permulta</span> 
     </span>
    </p>
   </div>
   <div class='ocr_carea' id='block_1_3' title="bbox 174 3249 1278 4296">
    <p class='ocr_par' dir='ltr' id='par_1_3' title="bbox 174 3249 1277 4016">
     <span class='ocr_line' id='line_1_24' title="bbox 277 3249 1276 3330; baseline -0.001 -16"><span class='ocrx_word' id='word_1_191' title='bbox 277 3261 304 3330; x_wconf 85' lang='lat'>1)</span> <span class='ocrx_word' id='word_1_192' title='bbox 325 3261 434 3330; x_wconf 81' lang='lat' dir='ltr'>Quanta</span> <span class='ocrx_word' id='word_1_193' title='bbox 453 3259 570 3316; x_wconf 88' lang='lat' dir='ltr'>scientia</span> <span class='ocrx_word' id='word_1_194' title='bbox 588 3263 617 3315; x_wconf 86' lang='lat' dir='ltr'>et</span> <span class='ocrx_word' id='word_1_195' title='bbox 636 3249 761 3315; x_wconf 82' lang='lat' dir='ltr'>sollertia</span> <span class='ocrx_word' id='word_1_196' title='bbox 779 3258 970 3314; x_wconf 80' lang='lat' dir='ltr'>Cassiodorius</span> <span class='ocrx_word' id='word_1_197' title='bbox 989 3262 1116 3316; x_wconf 85' lang='lat' dir='ltr'>auctores</span> <span class='ocrx_word' id='word_1_198' title='bbox 1136 3276 1201 3314; x_wconf 89' lang='lat' dir='ltr'>suos</span> <span class='ocrx_word' id='word_1_199' title='bbox 1220 3257 1276 3314; x_wconf 87' lang='lat' dir='ltr'>‘de-</span> 
     </span>
     <span class='ocr_line' id='line_1_25' title="bbox 174 3353 1277 3428; baseline -0.001 -17"><span class='ocrx_word' id='word_1_200' title='bbox 174 3355 306 3422; x_wconf 85' lang='lat' dir='ltr'>florauit’‚</span> <span class='ocrx_word' id='word_1_201' title='bbox 335 3357 487 3413; x_wconf 90' lang='lat' dir='ltr'>ostendunt</span> <span class='ocrx_word' id='word_1_202' title='bbox 514 3357 616 3412; x_wconf 77' lang='lat' dir='ltr'>misera</span> <span class='ocrx_word' id='word_1_203' title='bbox 644 3361 777 3428; x_wconf 84' lang='lat' dir='ltr'>excerpta</span> <span class='ocrx_word' id='word_1_204' title='bbox 803 3373 838 3411; x_wconf 86' lang='lat' dir='ltr'>ex</span> <span class='ocrx_word' id='word_1_205' title='bbox 855 3353 934 3411; x_wconf 85' lang='lat' dir='ltr'>Velio</span> <span class='ocrx_word' id='word_1_206' title='bbox 953 3356 1051 3426; x_wconf 84' lang='lat' dir='ltr'>Longo</span> <span class='ocrx_word' id='word_1_207' title='bbox 1068 3370 1095 3426; x_wconf 91' lang='lat' dir='ltr'>p.</span> <span class='ocrx_word' id='word_1_208' title='bbox 1106 3355 1183 3412; x_wconf 85' lang='grc'><strong>2287.</strong></span> <span class='ocrx_word' id='word_1_209' title='bbox 1220 3373 1277 3410; x_wconf 90' lang='lat' dir='ltr'>non</span> 
     </span>
     <span class='ocr_line' id='line_1_26' title="bbox 175 3451 1275 3523; baseline -0.001 -16"><span class='ocrx_word' id='word_1_210' title='bbox 175 3453 274 3508; x_wconf 91' lang='lat' dir='ltr'>melius</span> <span class='ocrx_word' id='word_1_211' title='bbox 293 3471 353 3508; x_wconf 86' lang='lat' dir='ltr'>rem</span> <span class='ocrx_word' id='word_1_212' title='bbox 370 3453 400 3507; x_wconf 90' lang='lat' dir='ltr'>in</span> <span class='ocrx_word' id='word_1_213' title='bbox 417 3454 540 3508; x_wconf 90' lang='lat' dir='ltr'>Cornuto</span> <span class='ocrx_word' id='word_1_214' title='bbox 558 3453 709 3523; x_wconf 87' lang='lat' dir='ltr'>praestitit,</span> <span class='ocrx_word' id='word_1_215' title='bbox 728 3470 810 3521; x_wconf 87' lang='lat' dir='ltr'>quem</span> <span class='ocrx_word' id='word_1_216' title='bbox 829 3452 939 3506; x_wconf 88' lang='lat' dir='ltr'>Curtius</span> <span class='ocrx_word' id='word_1_217' title='bbox 956 3452 1119 3506; x_wconf 87' lang='lat' dir='ltr'>Valerianus</span> <span class='ocrx_word' id='word_1_218' title='bbox 1139 3451 1275 3521; x_wconf 89' lang='lat' dir='ltr'>excripse-</span> 
     </span>
     <span class='ocr_line' id='line_1_27' title="bbox 175 3547 1276 3620; baseline -0.005 -14"><span class='ocrx_word' id='word_1_219' title='bbox 175 3555 229 3618; x_wconf 66' lang='lat' dir='ltr'>rat,</span> <span class='ocrx_word' id='word_1_220' title='bbox 255 3551 287 3606; x_wconf 90' lang='lat' dir='ltr'>id</span> <span class='ocrx_word' id='word_1_221' title='bbox 304 3550 379 3620; x_wconf 85' lang='lat' dir='ltr'>quod</span> <span class='ocrx_word' id='word_1_222' title='bbox 402 3555 528 3606; x_wconf 86' lang='lat' dir='ltr'>extrema</span> <span class='ocrx_word' id='word_1_223' title='bbox 550 3551 638 3604; x_wconf 87' lang='lat' dir='ltr'>uerba</span> <span class='ocrx_word' id='word_1_224' title='bbox 657 3549 774 3606; x_wconf 84' lang='lat' dir='ltr'>Cornuti</span> <span class='ocrx_word' id='word_1_225' title='bbox 792 3549 903 3604; x_wconf 87' lang='lat' dir='ltr'>conlata</span> <span class='ocrx_word' id='word_1_226' title='bbox 919 3565 982 3603; x_wconf 89' lang='lat' dir='ltr'>cum</span> <span class='ocrx_word' id='word_1_227' title='bbox 1000 3547 1149 3602; x_wconf 85' lang='lat' dir='ltr'>Valeriano</span> <span class='ocrx_word' id='word_1_228' title='bbox 1167 3566 1194 3616; x_wconf 93' lang='lat' dir='ltr'>p.</span> <span class='ocrx_word' id='word_1_229' title='bbox 1205 3547 1276 3601; x_wconf 87' lang='grc'><strong>2289</strong></span> 
     </span>
     <span class='ocr_line' id='line_1_28' title="bbox 175 3642 1276 3719; baseline -0.007 -15"><span class='ocrx_word' id='word_1_230' title='bbox 175 3647 287 3704; x_wconf 76' lang='lat' dir='ltr'>docent</span> <span class='ocrx_word' id='word_1_231' title='bbox 307 3647 429 3704; x_wconf 83' lang='lat' dir='ltr'>Cornuto</span> <span class='ocrx_word' id='word_1_232' title='bbox 449 3647 537 3719; x_wconf 80' lang='lat' dir='ltr'>igitur</span> <span class='ocrx_word' id='word_1_233' title='bbox 555 3647 667 3702; x_wconf 87' lang='lat' dir='ltr'>Curtius</span> <span class='ocrx_word' id='word_1_234' title='bbox 688 3648 773 3702; x_wconf 87' lang='lat' dir='ltr'>dehet</span> <span class='ocrx_word' id='word_1_235' title='bbox 793 3663 864 3716; x_wconf 84' lang='lat' dir='ltr'>quae</span> <span class='ocrx_word' id='word_1_236' title='bbox 882 3645 918 3700; x_wconf 86' lang='lat' dir='ltr'>ds</span> <span class='ocrx_word' id='word_1_237' title='bbox 937 3643 1040 3698; x_wconf 87' lang='lat' dir='ltr'>litteris</span> <span class='ocrx_word' id='word_1_238' title='bbox 1058 3651 1085 3698; x_wconf 92' lang='lat' dir='ltr'><em>Z</em></span> <span class='ocrx_word' id='word_1_239' title='bbox 1091 3645 1152 3703; x_wconf 77' lang='grc' dir='ltr'>ΞΨ</span> <span class='ocrx_word' id='word_1_240' title='bbox 1166 3661 1194 3713; x_wconf 91' lang='lat' dir='ltr'>p.</span> <span class='ocrx_word' id='word_1_241' title='bbox 1204 3642 1276 3696; x_wconf 84' lang='grc'><strong>2289</strong></span> 
     </span>
     <span class='ocr_line' id='line_1_29' title="bbox 175 3738 1277 3814; baseline -0.005 -16"><span class='ocrx_word' id='word_1_242' title='bbox 175 3743 316 3814; x_wconf 81' lang='lat' dir='ltr'>leguntur,</span> <span class='ocrx_word' id='word_1_243' title='bbox 340 3760 411 3812; x_wconf 84' lang='lat' dir='ltr'>quae</span> <span class='ocrx_word' id='word_1_244' title='bbox 429 3742 522 3798; x_wconf 79' lang='lat' dir='ltr'>omnic</span> <span class='ocrx_word' id='word_1_245' title='bbox 542 3741 733 3808; x_wconf 63' lang='lat' dir='ltr'>Cassiodorius</span> <span class='ocrx_word' id='word_1_246' title='bbox 751 3742 781 3796; x_wconf 93' lang='lat' dir='ltr'>in</span> <span class='ocrx_word' id='word_1_247' title='bbox 797 3741 919 3803; x_wconf 84' lang='lat' dir='ltr'>Cornuto</span> <span class='ocrx_word' id='word_1_248' title='bbox 938 3740 1100 3796; x_wconf 81' lang='lat' dir='ltr'>deflorando</span> <span class='ocrx_word' id='word_1_249' title='bbox 1118 3738 1211 3794; x_wconf 88' lang='lat' dir='ltr'>omisit</span> <span class='ocrx_word' id='word_1_250' title='bbox 1231 3755 1277 3794; x_wconf 85' lang='lat' dir='ltr'>ex·</span> 
     </span>
     <span class='ocr_line' id='line_1_30' title="bbox 177 3835 1276 3920; baseline -0.004 -26"><span class='ocrx_word' id='word_1_251' title='bbox 177 3839 266 3910; x_wconf 85' lang='lat' dir='ltr'>ceptis</span> <span class='ocrx_word' id='word_1_252' title='bbox 282 3838 379 3920; x_wconf 70' lang='lat' dir='ltr'>peucie</span> <span class='ocrx_word' id='word_1_253' title='bbox 398 3839 433 3894; x_wconf 92' lang='lat' dir='ltr'>de</span> <span class='ocrx_word' id='word_1_254' title='bbox 453 3847 479 3896; x_wconf 87' lang='lat' dir='ltr'><em>Z</em></span> <span class='ocrx_word' id='word_1_255' title='bbox 496 3839 591 3897; x_wconf 84' lang='lat' dir='ltr'>littera</span> <span class='ocrx_word' id='word_1_256' title='bbox 609 3843 638 3892; x_wconf 88' lang='lat' dir='ltr'>et</span> <span class='ocrx_word' id='word_1_257' title='bbox 658 3838 752 3908; x_wconf 85' lang='lat' dir='ltr'>lepido</span> <span class='ocrx_word' id='word_1_258' title='bbox 771 3837 978 3904; x_wconf 85' lang='lat' dir='ltr'>additamento,</span> <span class='ocrx_word' id='word_1_259' title='bbox 1004 3835 1080 3905; x_wconf 90' lang='lat' dir='ltr'>quod</span> <span class='ocrx_word' id='word_1_260' title='bbox 1103 3835 1147 3890; x_wconf 89' lang='lat' dir='ltr'>bis</span> <span class='ocrx_word' id='word_1_261' title='bbox 1172 3845 1276 3905; x_wconf 85' lang='lat' dir='ltr'>ponere</span> 
     </span>
     <span class='ocr_line' id='line_1_31' title="bbox 177 3936 495 4016; baseline 0 -26"><span class='ocrx_word' id='word_1_262' title='bbox 177 3936 207 4016; x_wconf 25' lang='lat' dir='ltr'>ei·</span> <span class='ocrx_word' id='word_1_263' title='bbox 220 3953 278 3991; x_wconf 90' lang='lat' dir='ltr'>non</span> <span class='ocrx_word' id='word_1_264' title='bbox 293 3937 407 4006; x_wconf 85' lang='lat' dir='ltr'>longum</span> <span class='ocrx_word' id='word_1_265' title='bbox 426 3940 495 3992; x_wconf 82' lang='lat' dir='ltr'>erat.</span> 
     </span>
    </p>

    <p class='ocr_par' dir='ltr' id='par_1_4' title="bbox 177 4027 1278 4296">
     <span class='ocr_line' id='line_1_32' title="bbox 279 4027 1276 4103; baseline -0.003 -17"><span class='ocrx_word' id='word_1_266' title='bbox 279 4032 309 4101; x_wconf 88' lang='grc'>2)</span> <span class='ocrx_word' id='word_1_267' title='bbox 327 4032 627 4103; x_wconf 78' lang='lat' dir='ltr'>Eidemigituropcri</span> <span class='ocrx_word' id='word_1_268' title='bbox 647 4031 868 4102; x_wconf 75' lang='lat' dir='ltr'>praeteriorum</span> <span class='ocrx_word' id='word_1_269' title='bbox 887 4030 921 4085; x_wconf 91' lang='lat' dir='ltr'>de</span> <span class='ocrx_word' id='word_1_270' title='bbox 949 4031 1035 4084; x_wconf 82' lang='lat' dir='ltr'>deliro</span> <span class='ocrx_word' id='word_1_271' title='bbox 1062 4029 1166 4098; x_wconf 79' lang='lat' dir='ltr'>(Velius</span> <span class='ocrx_word' id='word_1_272' title='bbox 1187 4027 1276 4098; x_wconf 83' lang='lat' dir='ltr'>Long.</span> 
     </span>
     <span class='ocr_line' id='line_1_33' title="bbox 177 4125 1276 4202; baseline -0.004 -18"><span class='ocrx_word' id='word_1_273' title='bbox 177 4148 205 4202; x_wconf 87' lang='lat' dir='ltr'>p.</span> <span class='ocrx_word' id='word_1_274' title='bbox 217 4128 310 4200; x_wconf 83' lang='grc'><strong>2233),</strong></span> <span class='ocrx_word' id='word_1_275' title='bbox 329 4147 410 4200; x_wconf 88' lang='lat' dir='ltr'>quem</span> <span class='ocrx_word' id='word_1_276' title='bbox 429 4148 513 4200; x_wconf 87' lang='lat' dir='ltr'>supra</span> <span class='ocrx_word' id='word_1_277' title='bbox 533 4129 654 4200; x_wconf 85' lang='lat' dir='ltr'>excripsi</span> <span class='ocrx_word' id='word_1_278' title='bbox 678 4127 785 4197; x_wconf 87' lang='lat' dir='ltr'>reliqua</span> <span class='ocrx_word' id='word_1_279' title='bbox 803 4145 913 4198; x_wconf 87' lang='lat' dir='ltr'>queque</span> <span class='ocrx_word' id='word_1_280' title='bbox 932 4127 1025 4182; x_wconf 91' lang='lat' dir='ltr'>tribuo</span> <span class='ocrx_word' id='word_1_281' title='bbox 1045 4143 1114 4195; x_wconf 88' lang='lat' dir='ltr'>quae</span> <span class='ocrx_word' id='word_1_282' title='bbox 1134 4125 1208 4195; x_wconf 86' lang='lat' dir='ltr'>apud</span> <span class='ocrx_word' id='word_1_283' title='bbox 1226 4126 1276 4180; x_wconf 92' lang='lat' dir='ltr'>hos</span> 
     </span>
     <span class='ocr_line' id='line_1_34' title="bbox 179 4221 1278 4296; baseline -0.002 -18"><span class='ocrx_word' id='word_1_284' title='bbox 179 4224 330 4296; x_wconf 83' lang='lat' dir='ltr'>scriptores</span> <span class='ocrx_word' id='word_1_285' title='bbox 340 4225 474 4282; x_wconf 88' lang='lat' dir='ltr'>Varronis</span> <span class='ocrx_word' id='word_1_286' title='bbox 492 4227 603 4282; x_wconf 87' lang='lat' dir='ltr'>nomine</span> <span class='ocrx_word' id='word_1_287' title='bbox 614 4226 819 4282; x_wconf 86' lang='lat' dir='ltr'>inscribuntur:</span> <span class='ocrx_word' id='word_1_288' title='bbox 831 4223 925 4280; x_wconf 89' lang='lat' dir='ltr'>Velius</span> <span class='ocrx_word' id='word_1_289' title='bbox 934 4221 1023 4292; x_wconf 86' lang='lat' dir='ltr'>Loug.</span> <span class='ocrx_word' id='word_1_290' title='bbox 1034 4240 1061 4293; x_wconf 91' lang='lat' dir='ltr'>p.</span> <span class='ocrx_word' id='word_1_291' title='bbox 1073 4221 1152 4290; x_wconf 82' lang='grc'><strong>2236,</strong></span> <span class='ocrx_word' id='word_1_292' title='bbox 1165 4240 1194 4291; x_wconf 89' lang='lat' dir='ltr'>p.</span> <span class='ocrx_word' id='word_1_293' title='bbox 1207 4221 1278 4276; x_wconf 87' lang='grc'><strong>2238</strong></span> 
     </span>
    </p>
   </div>
   <div class='ocr_carea' id='block_1_4' title="bbox 179 4318 1276 4492">
    <p class='ocr_par' dir='ltr' id='par_1_5' title="bbox 179 4318 1276 4492">
     <span class='ocr_line' id='line_1_35' title="bbox 179 4318 1276 4394; baseline -0.005 -16"><span class='ocrx_word' id='word_1_294' title='bbox 179 4323 358 4394; x_wconf 78' lang='lat' dir='ltr'>=Pcpirisn</span> <span class='ocrx_word' id='word_1_295' title='bbox 373 4323 531 4383; x_wconf 85' lang='lat' dir='ltr'>Cassiodcri</span> <span class='ocrx_word' id='word_1_296' title='bbox 546 4343 574 4393; x_wconf 90' lang='lat' dir='ltr'>p.</span> <span class='ocrx_word' id='word_1_297' title='bbox 585 4322 664 4389; x_wconf 82' lang='grc'><strong>2221,</strong></span> <span class='ocrx_word' id='word_1_298' title='bbox 684 4322 822 4378; x_wconf 87' lang='lat' dir='ltr'>Cornutus</span> <span class='ocrx_word' id='word_1_299' title='bbox 840 4339 867 4390; x_wconf 91' lang='lat' dir='ltr'>p.</span> <span class='ocrx_word' id='word_1_300' title='bbox 877 4318 957 4386; x_wconf 84' lang='grc'><strong>2284,</strong></span> <span class='ocrx_word' id='word_1_301' title='bbox 978 4335 1049 4388; x_wconf 86' lang='lat' dir='ltr'>quae</span> <span class='ocrx_word' id='word_1_302' title='bbox 1068 4318 1276 4374; x_wconf 84' lang='lat' dir='ltr'>obseruationes</span> 
     </span>
     <span class='ocr_line' id='line_1_36' title="bbox 180 4421 950 4492; baseline -0.008 -17"><span class='ocrx_word' id='word_1_303' title='bbox 180 4421 253 4492; x_wconf 87' lang='lat' dir='ltr'>apud</span> <span class='ocrx_word' id='word_1_304' title='bbox 272 4425 381 4476; x_wconf 86' lang='lat' dir='ltr'>ceteros</span> <span class='ocrx_word' id='word_1_305' title='bbox 401 4438 458 4476; x_wconf 87' lang='lat' dir='ltr'>non</span> <span class='ocrx_word' id='word_1_306' title='bbox 475 4421 648 4490; x_wconf 86' lang='lat' dir='ltr'>repetuntur.</span> <span class='ocrx_word' id='word_1_307' title='bbox 947 4442 950 4450; x_wconf 61' lang='lat'><strong><em>¹</em></strong></span> 
     </span>
    </p>
   </div>
   <div class='ocr_carea' id='block_1_5' title="bbox 0 0 1574 5146">
    <p class='ocr_par' dir='ltr' id='par_1_6' title="bbox 0 0 1574 5146">
     <span class='ocr_line' id='line_1_37' title="bbox 0 0 1574 5146; baseline 0 0"><span class='ocrx_word' id='word_1_308' title='bbox 0 0 1574 5146; x_wconf 95' lang='lat' dir='ltr'> </span> 
     </span>
    </p>
   </div>
  </div>
 </body>
</html>
