3126 5146
802 437 861 494 116

288 621 393 678 aetate
414 620 526 677 nostra
536 610 723 690 Palaemon,
745 611 800 699 qui
820 611 1014 676 uocabulum
1036 609 1105 677 siue
1127 611 1381 699 appellationem

283 719 407 786 nomini
428 719 639 788 subiecerunt
661 729 816 806 tanquam
836 719 964 806 species
986 718 1075 786 cius'.
1098 743 1171 786 cum
1188 719 1382 788 Aristarcho

284 830 381 913 euim,
408 831 462 918 qui
494 830 620 918 primus
649 830 792 895 omnium
822 829 907 895 hauc
940 828 1133 895 diuisionem
1162 829 1309 916 protulit,
1340 851 1381 897 ne

283 949 533 1028 praeceptorem
547 938 679 1027 quidem
701 961 794 1006 suum
815 937 859 1004 ito
881 960 1068 1027 conponere
1081 939 1304 1022 Quintilianus
1322 961 1379 1027 po·

286 1049 356 1132 tuit,
378 1047 441 1115 nisi
464 1071 501 1115 re
524 1070 604 1116 uera
624 1059 699 1114 unte
724 1071 798 1116 eum
821 1048 1124 1118 uemoLatinorum
1137 1047 1227 1114 idem
1247 1047 1381 1114 fecerat.

285 1157 374 1244 quod
404 1168 512 1223 autern
548 1158 584 1224 in
617 1158 710 1223 breui
740 1157 853 1223 talium
891 1156 1088 1224 diuisionum
1118 1157 1253 1222 historie
1284 1179 1381 1244 quem

285 1267 505 1352 Quintilianus
527 1269 608 1350 lust,
634 1267 820 1334 Priscianus
841 1267 945 1350 1116,
967 1267 986 1333 Ι
1006 1291 1037 1356 p.
1055 1265 1098 1332 54
1114 1281 1174 1351 sq„
1202 1265 1379 1352 Pompeius

284 1377 325 1444 ad
345 1377 432 1446 Don.
455 1399 487 1464 p.
504 1377 545 1442 82
561 1399 607 1462 sq.
630 1377 761 1462 habeut,
782 1377 987 1443 Varroniano
1008 1374 1139 1466 partitio
1164 1397 1229 1442 nen
1251 1396 1379 1442 conme-

283 1497 438 1572 moratur,
458 1485 494 1550 id
516 1487 636 1552 facturn
656 1508 727 1552 esso
748 1485 893 1575 adparet,
911 1485 985 1573 quie
1002 1486 1084 1554 haec
1100 1508 1185 1552 noun
1199 1493 1231 1548 et
1245 1485 1378 1552 minime

282 1597 400 1665 usitata
422 1605 502 1683 erat,
529 1596 578 1662 illi
599 1607 708 1663 eutem
730 1596 897 1684 generalia
918 1605 1044 1663 tantum
1066 1606 1098 1661 et
1119 1594 1247 1661 notiora
1268 1615 1379 1684 perse·

283 1715 408 1772 cuntur.
432 1707 482 1772 sin
496 1707 583 1772 hunc
605 1708 747 1772 fructum
769 1703 883 1792 ingeni
892 1704 1088 1771 Varroniaui
1111 1711 1379 1790 contempserunt

285 1817 340 1904 qui
360 1825 436 1905 post
456 1837 530 1881 eum
551 1816 717 1900 uixerunt,
735 1816 770 1880 in
781 1814 891 1880 multis
904 1814 1042 1900 singulis
1066 1835 1139 1880 eum
1160 1819 1290 1881 secutos
1302 1835 1377 1879 esse·

281 1927 480 2015 posteriores
496 1925 553 2016 uel
563 1925 685 2012 exigua
693 1923 845 2012 uestigia,
857 1946 939 2010 quae
951 1924 1142 1990 nominatim
1153 1923 1194 1989 ad
1207 1945 1280 1990 eum
1291 1924 1346 1990 ref
1363 1959 1375 1970 ·

280 2047 406 2122 rantur,
419 2037 546 2102 docent.
570 2034 611 2100 de
623 2034 833 2122 grammatica
845 2034 947 2121 igitur
959 2033 1057 2119 idem,
1070 2033 1158 2122 quod
1170 2031 1211 2098 de
1223 2031 1378 2098 omnibus

280 2144 461 2233 disciplinis
486 2145 542 2230 (cf.
564 2145 601 2210 L.
624 2144 786 2210 Merclrlin
809 2144 923 2232 philol.
948 2144 1025 2211 IIII
1045 2143 1161 2231 p.427.
1199 2142 1238 2210 F.
1250 2140 1379 2208 Ritschl

280 2265 404 2340 quaest.
416 2255 511 2321 Varr.
527 2254 590 2341 p.1
608 2275 656 2340 sq.
682 2251 723 2320 Ο.
735 2252 816 2318 Iahn
836 2254 912 2318 ueb.
933 2275 1035 2318 roem.
1057 2252 1229 2340 encyclop.
1250 2251 1376 2316 inber.

279 2363 311 2431 d.
334 2365 458 2431 saechs.
480 2385 550 2452 ges.
572 2363 604 2430 d.
626 2361 712 2428 wisa.
734 2362 769 2427 Π
793 2361 874 2428 1850
895 2387 927 2451 p.
947 2361 1009 2426 272
1030 2364 1091 2447 sq.)
1120 2354 1295 2428 dicendum
1319 2367 1378 2442 cst,·

280 2473 465 2539 Varronem
486 2492 621 2558 graecas
639 2470 764 2536 litteras
781 2479 971 2536 retractatas
989 2478 1153 2536 correctas
1166 2467 1378 2554 amplificatas

283 2591 439 2670 qucumm
458 2583 529 2650 fieri
553 2580 659 2670 potuit
680 2602 755 2646 cum
778 2579 903 2647 ciuibus
924 2578 991 2644 suis
1017 2577 1282 2663 communicasse,
1311 2597 1378 2662 uque

280 2693 365 2759 facto
387 2691 563 2781 plurimum
575 2691 610 2757 in
624 2689 842 2778 posteriorum
862 2698 1047 2776 temporum
1070 2687 1184 2754 studiis
1208 2686 1279 2752 eius
1303 2708 1377 2752 euc-

279 2803 391 2868 toritas
414 2801 527 2886 ualuit,
556 2809 592 2868 ut
622 2799 785 2889 permulta
806 2798 841 2864 in
862 2798 962 2864 medii
983 2797 1057 2864 aeui
1079 2795 1229 2864 doctrina
1261 2795 1302 2864 ab
1337 2813 1378 2862 cu

281 2910 461 3001 repetenda
484 2910 557 2976 sint.

380 3020 575 3088 Absoluisse
596 3019 780 3086 Varronem
804 3016 970 3104 octoginta
999 3026 1066 3083 tres
1092 3040 1196 3083 annos
1217 3025 1328 3083 natum
1347 3039 1378 3082 a.

134 3153 137 3160 ’
164 3161 167 3168 ’
278 3131 320 3197 ab
343 3151 376 3198 u.
389 3155 416 3196 c.
428 3128 608 3198 DOOXXI
623 3128 724 3195 libros
746 3127 992 3216 disciplinarum
1001 3126 1198 3194 Bitschelius
1212 3127 1236 3191 l.
1247 3151 1273 3194 s.
1288 3148 1320 3214 p·
1335 3123 1377 3190 53

280 3242 321 3306 cl.
345 3239 384 3305 L.
396 3237 483 3306 Roth
506 3238 605 3305 leben
627 3236 658 3302 d.
669 3237 778 3303 Varro
800 3235 1088 3324 perseconar.
1110 3235 1187 3302 hinc
1201 3243 1322 3318 sutem,
1341 3241 1378 3300 ut

281 3349 370 3416 illius
389 3349 500 3415 uerbis
522 3358 605 3433 utar,
626 3346 699 3416 fieri
720 3345 906 3412 coniectura
925 3355 1046 3432 potest,
1068 3367 1166 3432 quam
1183 3352 1332 3410 maturae
1344 3350 1378 3410 et

279 3469 432 3548 tanquam
453 3455 693 3524 consummatae
715 3454 908 3522 eruditionis
928 3454 1089 3522 thesauris
1114 3452 1148 3520 hi
1170 3451 1378 3542 potissimum

278 3568 356 3636 libri
378 3568 493 3634 referti
515 3567 649 3634 fuerint.
