3126 5146
275 699 427 744 errauere
448 688 555 744 autem
578 678 792 765 grammatici,
815 679 869 767 qui
886 687 1084 767 putauerunt
1099 679 1296 767 superlatiua
1313 701 1373 766 per

274 788 305 851 V
327 788 497 856 enuntiari‘
518 810 547 854 e.
561 809 591 873 q.
604 813 629 854 s.
652 789 694 854 de
717 788 768 853 bis
790 787 997 876 superlatiuis
1012 787 1199 854 Varronem
1223 789 1374 875 egisses

272 898 346 962 loco
367 920 465 984 supra
490 896 596 985 posito
619 897 672 982 (fr.
683 897 738 982 43)
763 895 909 980 Cornuti,
930 917 1027 981 quem
1051 897 1207 985 excripsit
1223 897 1373 970 Isidorus

274 1007 358 1092 orig.
371 1008 390 1072 I
401 1006 452 1092 26,
469 1009 519 1092 15,
541 1007 690 1074 uidemus
715 1029 854 1093 eumque
868 1005 953 1074 inter
969 1008 1199 1093 grammaticos
1222 1008 1373 1096 aLougc

273 1117 474 1204 uituperatos
509 1117 611 1184 fuisse
642 1117 804 1201 existimo,
837 1139 912 1183 nam
946 1116 1096 1184 Caesaris
1132 1116 1274 1203 aequalis
1310 1117 1374 1184 uiri

274 1225 500 1291 auotoritatem
531 1225 683 1314 opposuit
713 1225 864 1310 antiquae
897 1226 1134 1306 consuetudini,
1170 1247 1266 1314 quam
1301 1225 1373 1294 sine

274 1337 372 1403 dubio
394 1335 551 1402 defendit.
585 1335 682 1402 etiam
703 1335 841 1402 alteram
861 1335 902 1402 de
923 1336 941 1402 I
963 1335 1043 1404 exili
1064 1346 1097 1401 et
1124 1335 1241 1424 pingui
1273 1358 1372 1422 quae·

274 1445 414 1512 ationem
435 1454 518 1511 teste
542 1445 665 1514 Scauro
690 1447 746 1526 (fr.
762 1445 818 1530 44)
841 1468 907 1512 uon
929 1446 1086 1530 neglexit,
1112 1455 1144 1512 et
1168 1445 1215 1512 ita
1240 1445 1374 1531 quidem

274 1555 434 1640 tractauit,
452 1564 488 1621 nt
510 1555 644 1622 aLucili
667 1555 852 1642 praeceptis
873 1577 965 1622 orsus
989 1577 1027 1620 ea
1047 1555 1222 1623 maximam
1244 1565 1372 1643 partem

271 1664 473 1752 inprobaret²
505 1687 605 1730 unum
635 1673 759 1730 tantum
786 1665 953 1732 retineret.
995 1664 1140 1732 Lucilius
1165 1663 1222 1750 (cf.
1245 1665 1373 1734 Ritscbl

187 1845 190 1851 ,
273 1794 349 1840 nou.
372 1795 454 1840 mus.
482 1774 575 1840 rhen.
599 1773 685 1838 VIII
713 1797 744 1860 p.
762 1757 823 1840 487
845 1795 893 1858 sq.
934 1796 1076 1840 monum.
1107 1773 1278 1861 epigraph.
1295 1755 1372 1840 'uia

272 1907 305 1973 p.
318 1885 357 1950 31
371 1908 419 1972 sq.
443 1883 684 1951 O.Lachmann
705 1883 747 1948 ad
769 1883 867 1951 Lucr.
891 1907 922 1971 p.
935 1883 997 1948 244
1008 1885 1070 1967 sq.)
1091 1883 1278 1970 ubicunque
1299 1884 1370 1971 pin·

273 1993 423 2078 guiorem
455 1994 510 2058 uel
538 2001 575 2058 ut
604 1992 710 2078 ipsum
740 2012 859 2078 sequar
893 1991 1077 2077 pleniorem
1100 2013 1216 2060 sonum
1247 1993 1372 2078 longae

272 2102 368 2168 huius
387 2102 510 2168 uocalis
533 2101 646 2166 audire
668 2101 729 2168 sibi
752 2111 801 2166 est
820 2101 919 2185 uisus,
943 2109 975 2166 et
991 2101 1140 2188 profecto
1163 2101 1242 2169 talia
1259 2101 1372 2172 discri-¹

273 2211 360 2278 mina
378 2211 414 2276 in
430 2209 693 2298 pronuntiatione
713 2209 937 2292 audiebantur,
959 2209 1007 2276 EI
1022 2209 1168 2278 scribere
1189 2210 1304 2294 uoluit,
1328 2210 1373 2276 ita

272 2321 307 2386 in
330 2319 530 2386 nominatius
555 2319 691 2406 pluralis
714 2319 875 2386 secundae
900 2318 1129 2388 declinationis
1153 2318 1242 2403 (Vel.
1264 2320 1372 2407 Long.

272 2454 305 2520 p.
327 2429 423 2512 2220)
455 2439 488 2494 et
518 2429 627 2495 datiuo
650 2429 824 2514 singularis
847 2430 962 2496 tertiae
992 2429 1217 2498 declinationis
1243 2427 1371 2516 (Quint.

271 2545 347 2610 inst.
373 2553 452 2611 orat.
473 2545 492 2609 I
510 2543 538 2626 7,
562 2543 610 2608 15.
632 2543 707 2610 Vel.
725 2543 831 2629 Long.
849 2545 870 2608 l.
887 2543 938 2628 a),
961 2553 1133 2631 praeterea
1156 2544 1256 2633 (quod
1281 2543 1371 2632 apud

272 2655 431 2724 Scaurum
445 2653 577 2738 legitur)
594 2652 628 2717 in
649 2653 816 2719 nonnullis
837 2654 1003 2720 uocabulis
1025 2663 1061 2720 ut
1080 2662 1164 2722 maile
1182 2661 1280 2722 maleo
1302 2662 1370 2720 met·

272 2771 346 2846 caua,
377 2763 412 2827 in
440 2762 556 2850 quibus
586 2762 749 2840 interdum
778 2772 811 2827 et
839 2763 1001 2852 pluralem
1030 2763 1229 2849 asingulari
1253 2763 1370 2830 codem

272 2872 370 2938 modo
396 2871 555 2956 distinxit,
573 2881 610 2937 ut
627 2880 725 2953 pilam
747 2874 810 2961 quo
832 2871 972 2960 pinsitur
989 2881 1072 2953 pello
1092 2873 1197 2940 iacula
1209 2872 1371 2942 militaris.

272 3003 339 3048 non
361 2981 458 3047 ualde
487 2993 637 3048 accurate
665 2982 746 3048 haec
779 2983 958 3069 etreliqua
981 2983 1154 3049 Terentius
1179 3004 1197 3048 e
1220 2981 1371 3048 Varrone

273 3092 449 3180 excerpsit.
493 3092 633 3179 primum
664 3093 750 3159 enim
774 3093 880 3157 Varro
911 3093 1007 3179 plura
1039 3091 1207 3158 eLucilio
1228 3091 1371 3175 adferre,

272 3209 309 3266 nt
331 3201 420 3266 illius
443 3200 591 3266 doctrina
612 3201 664 3266 cui
685 3223 776 3267 suam
800 3202 953 3289 opposuit
973 3203 1154 3287 patefieret,
1187 3210 1219 3266 et
1241 3224 1314 3268 eum
1335 3201 1371 3268 in

273 3308 456 3376 scribendis
475 3310 684 3376 nominatiuis
706 3310 840 3398 pluralis
864 3310 1026 3377 secundae
1056 3310 1281 3376 declinationis
1310 3332 1371 3397 per

272 3418 320 3484 ΕΙ
342 3441 416 3484 cum
437 3419 493 3484 illo
516 3418 695 3485 consentiat
709 3419 745 3504 ¹),
767 3420 851 3486 hanc
881 3419 1057 3506 praecipue
1090 3419 1200 3504 legem
1227 3418 1370 3486 auctoris

272 3528 384 3594 uerbis
408 3551 592 3618 proponere
616 3529 738 3614 debuit,
760 3530 851 3596 cuius
872 3530 921 3594 rei
934 3530 1020 3616 apud
1036 3528 1196 3596 Scaurum
1209 3551 1272 3596 noc
1294 3529 1371 3596 ucla

373 3736 401 3804 1)
420 3735 498 3794 Idem
523 3737 612 3792 uoluIt
634 3736 762 3808 Nigidius
787 3738 902 3807 Figulus
927 3736 957 3792 in
981 3735 1053 3790 libro
1071 3736 1177 3792 XXIIII
1204 3740 1373 3792 commenta·

272 3833 379 3892 riorum
400 3834 644 3904 grammaticorum
670 3835 749 3900 (Gell.
769 3834 834 3888 XIII
852 3833 902 3900 26,
922 3834 963 3902 4):
994 3833 1032 3888 ‘Si
1056 3834 1143 3890 taias¹
1168 3834 1259 3904 inquit
1282 3837 1373 3890 ‘amica'

272 3933 318 3986 uel
342 3934 421 3986 lutus
447 3937 537 4004 mopni
558 3931 675 3998 scribas,
703 3949 789 3984 unum
816 3937 825 3984 a·
850 3930 934 3985 facito
964 3934 1127 4000 extremum,
1162 3931 1204 3984 sin
1230 3948 1297 3986 uero
1325 3935 1369 3985 aaa·

273 4032 389 4100 napaei,
408 4031 451 4082 bei
470 4033 566 4088 amicat
585 4045 651 4081 casu
670 4027 856 4081 multitudinis
875 4031 961 4094 rectu,
985 4031 1044 4080 tum
1071 4029 1135 4082 ante
1160 4032 1170 4081 a·
1195 4027 1373 4083 scribendum

274 4127 329 4181 erIt
348 4147 370 4192 a,
393 4129 475 4194 atque
499 4125 529 4178 id
553 4126 645 4195 ipsum
665 4125 750 4178 facies
772 4125 803 4178 in
821 4125 974 4179 similibus’.
1011 4125 1051 4180 sio
1070 4124 1160 4180 codex
1177 4125 1371 4202 Lugdunensis

273 4210 413 4278 VossFI
433 4223 637 4292 etGronouius,
656 4227 852 4292 praeterquam
871 4224 945 4291 quod
962 4221 1069 4276 illevlu'a'
1084 4226 1188 4294 mapali
1209 4225 1249 4275 lata·
1268 4225 1371 4287 amicit,

273 4319 319 4374 bic
339 4323 367 4374 tt
382 4324 489 4392 napaei
508 4323 536 4373 lu'
554 4324 652 4374 amicas·
670 4319 764 4374 hebet.
795 4323 919 4375 ceterum
937 4319 1075 4374 Lucilium
1093 4318 1183 4390 magis
1203 4335 1292 4388 quam·
1304 4317 1371 4372 Var-

274 4433 371 4471 ronem
387 4414 530 4487 Nigidium
550 4419 676 4472 secutum
695 4421 754 4472 asse
771 4416 856 4473 docet
870 4416 945 4474 idem
963 4415 1035 4472 ualli
1051 4418 1144 4486 caput.
