3140 5148
703 471 764 532 208

183 651 374 730 extremam,
395 653 431 712 ut
449 645 485 712 in
502 645 585 711 hoc:
618 646 752 712 ‘amicus
777 667 921 714 summus
944 667 1034 713 meus
1059 655 1091 713 ct
1112 644 1279 737 popularis

184 753 292 826 Gets'.

146 951 181 1016 '15
268 938 463 1010 Oetousrius
485 950 545 1026 est,
563 949 600 1007 ut
619 941 727 1008 Varro
748 941 838 1025 dicit,
871 961 946 1005 cum
967 939 1032 1008 duo
1054 901 1151 1005 isnhri
1175 937 1278 1025 pedes

180 1048 320 1117 iambico
351 1058 456 1115 metro
489 1060 746 1140 praeponuntur,
783 1060 815 1114 et
843 1050 881 1115 fit
907 1071 1023 1114 uersus
1052 1049 1141 1116 tslis:
1177 1048 1281 1138 ‘peter

153 1179 276 1235 fimens
300 1158 413 1225 dicens
439 1157 588 1224 docendo
611 1158 666 1244 qui
688 1159 784 1225 docet
808 1158 887 1226 dicit
910 1155 1054 1224 docens’.

145 1351 179 1416 'tt
263 1344 317 1414 Ex
339 1345 476 1412 iambico
502 1369 625 1414 nouum
647 1365 779 1414 carmen
799 1345 901 1412 refert
920 1343 1029 1410 Varro
1053 1342 1145 1408 cuius
1168 1361 1278 1408 exem·

181 1454 272 1542 plum
294 1463 344 1520 est
363 1455 446 1523 tsle:
470 1455 598 1543 ‘pedem
619 1456 876 1541 rhythmumque
903 1452 995 1520 finit'.
1049 1451 1076 1522 si
1099 1450 1200 1520 addas
1226 1449 1280 1518 hic

106 1609 108 1613 -
183 1584 266 1649 quse
289 1562 436 1630 tlctraetn
456 1573 533 1632 sunt
554 1587 595 1630 ex
617 1549 768 1650 iambico,
789 1562 929 1632 eundem
952 1561 1128 1628 iambicum
1150 1559 1280 1646 supple·

179 1671 230 1740 bis
250 1672 313 1738 sict
336 1673 463 1760 ‘pedem
477 1674 734 1760 rhythmumquc
746 1671 818 1738 finit
832 1671 910 1753 [nlts
923 1668 1076 1750 nauium]’
1091 1676 1200 1755 potest
1216 1667 1280 1735 hcc

135 1799 173 1858 10
184 1803 309 1848 comma
331 1782 396 1848 tole
419 1804 502 1866 esse,
523 1783 620 1868 quale
644 1781 744 1848 illud:
768 1779 993 1850 ‘Philumenae
1020 1777 1171 1861 dolores’,
1194 1774 1281 1861 quod

182 1899 231 1958 est
253 1911 296 1958 ex
317 1890 455 1960 iambico
478 1879 673 1978 septenario.

152 2080 193 2149 77,
271 2071 522 2138 Archilochium
537 2072 643 2139 Varro
665 2072 747 2138 illud
772 2072 861 2157 dicit,
884 2073 973 2162 quod
997 2084 1047 2142 est
1065 2074 1146 2141 tale:
1168 2074 1222 2141 ‘ex
1244 2073 1281 2139 li·

182 2180 308 2246 toribus
327 2190 541 2269 properantes
564 2181 702 2248 nauibus
724 2183 903 2248 recedunt’.

144 2376 179 2440 78
263 2363 379 2435 Latine
401 2364 629 2452 (scripserunt)
658 2366 699 2431 de
719 2367 863 2434 numeris
883 2367 934 2433 hi:
958 2365 1076 2461 Cicero
1091 2367 1280 2436 Victorinus

131 2481 167 2537 15
179 2470 340 2538 Euchios
360 2472 573 2539 Terentianus
595 2473 701 2572 Varro
724 2473 861 2542 Probus.

280 2655 323 2711 75.
361 2657 605 2727 Diom.p.515,9:
624 2658 848 2714 Octonerius
868 2663 925 2714 est
944 2699 951 2713 .
971 2697 977 2710 .
996 2699 1001 2711 .
1021 2657 1115 2713 dicit
1132 2657 1276 2730 docens.

182 2728 249 2782 tolls
266 2728 331 2784 hine
349 2728 453 2799 primos
473 2730 542 2784 duos
560 2731 666 2786 iambos
688 2736 717 2785 et
734 2733 788 2785 erit
805 2731 863 2785 tale
884 2732 964 2802 quale
984 2730 1053 2786 illud
1072 2734 1129 2786 est:
1148 2729 1216 2791 fitis
1236 2728 1280 2784 hi-

180 2799 277 2852 burnis
295 2799 371 2853 inter
391 2800 448 2853 elta
466 2801 587 2854 nauium’
606 2803 713 2867 (Horat.
732 2805 805 2872 epod.
825 2806 840 2855 1
860 2804 896 2871 1).
1055 2833 1060 2843 ·

280 2868 323 2923 76.
359 2870 449 2924 Diom.
469 2872 568 2940 pore,
588 2872 635 2926 14:
662 2872 712 2927 Ex
728 2873 883 2928 iambico
905 2913 911 2927 .
932 2914 938 2927 .
959 2913 965 2926 .
984 2870 1136 2925 iambico
1156 2873 1280 2939 septe·

181 2940 299 2996 nario·
335 2945 365 2995 st
384 2941 455 2998 illud
474 2944 540 2998 hinc
557 2948 601 2998 est
619 2961 734 3014 comme,
745 2946 821 3014 quod
829 2944 945 3000 Arbiter·
964 2942 1032 2998 lecit
1048 2943 1118 2996 tole:
1139 2945 1217 2996 ‘nnus
1236 2956 1278 2995 re·

181 3015 262 3073 cocta
279 3011 346 3066 uino
362 3013 367 3079 l
383 3015 569 3070 trementibus
588 3015 713 3070 labellis’.

278 3081 322 3136 77.
361 3081 452 3138 Diom.
473 3085 572 3153 phio,
593 3085 639 3139 19:
660 3084 936 3140 Archilochium
955 3083 1072 3138 Varro
1092 3123 1098 3136 .
1120 3120 1126 3134 .
1149 3123 1154 3134 .
1174 3097 1277 3136 roos·

180 3153 275 3210 dunt.
311 3153 358 3210 hic
375 3155 503 3224 superius
522 3173 629 3212 comma
647 3157 722 3226 quod
740 3161 783 3212 est
802 3156 858 3212 tale
870 3155 925 3226 [‘ex
941 3154 1070 3208 litoribus
1083 3153 1275 3226 properantes*

180 3224 267 3284 simile
286 3230 329 3280 est
347 3225 390 3278 illi
409 3227 483 3294 quod
502 3233 544 3282 est
561 3227 646 3296 tele]:
678 3229 786 3282 ‘Troiae
807 3227 854 3298 qui
872 3227 978 3296 primus
1003 3225 1038 3280 sb
1061 3225 1134 3291 oris’‚
1161 3223 1277 3280 interius

180 3312 296 3362 commo,
315 3296 390 3364 quod
407 3301 451 3350 cst
468 3299 524 3352 tsle
538 3299 664 3354 ‘nauibus
674 3299 818 3354 recedunt'
837 3297 926 3352 simile
947 3301 991 3352 est
1008 3297 1049 3350 illi
1067 3296 1141 3365 quod
1159 3300 1202 3351 est
1218 3295 1275 3350 tale

181 3366 332 3424 ‘machinos
353 3367 480 3422 oamnss’.

278 3436 321 3492 78.
358 3437 449 3492 Rufim
466 3438 502 3492 dc
521 3442 602 3494 metr.
620 3443 690 3494 oret.
708 3457 736 3509 p.
744 3438 815 3494 2720
825 3439 856 3493 P.
870 3439 923 3494 398
936 3439 982 3494 G.:
1005 3438 1166 3493 Victorinus
1187 3437 1277 3492 mults

180 3506 249 3564 dicit
275 3507 309 3562 de
333 3509 536 3578 compositione
560 3514 589 3564 et
612 3512 734 3564 numeris
759 3514 787 3563 et
811 3511 929 3580 pedibus
948 3509 1087 3564 oratoriis.
1129 3513 1160 3562 ut
1180 3507 1277 3562 Cicero

180 3580 220 3644 (in
240 3581 367 3646 Oratore)
389 3581 467 3648 dicit,
485 3580 533 3634 isti
551 3581 725 3652 scripserunt
743 3582 817 3650 apud
834 3597 950 3652 graccos
969 3579 1188 3648 Thrasymachus
1205 3577 1279 3633 Nau·

179 3652 271 3704 crates
291 3649 408 3720 Gorgias
426 3652 555 3721 Ephorus
575 3652 713 3706 Isocrates
732 3651 906 3706 Theodectes
925 3651 1092 3707 Aristoteles
1112 3650 1275 3704 Theodorus

178 3719 326 3787 Byzantius
344 3721 550 3792 Theophrastus
570 3722 784 3792 [Hieronymusl.
830 3723 949 3778 latine
968 3721 1009 3776 de
1030 3721 1245 3778 numeris..
1271 3759 1278 3774 .

179 3789 312 3847 Probus
332 3792 470 3850 Charisius
489 3793 637 3850 Diomedes
657 3794 845 3864 Quintilianus
863 3794 989 3850 Donatus
1008 3791 1108 3850 Victor
1126 3791 1247 3848 Seruius.

281 3947 295 3999 1
324 3905 447 4018 amicus]
473 3947 589 4006 Terent.
613 3949 732 4008 Phorm.
755 3949 780 4010 I
794 3953 821 4018 1,
839 3947 886 4018 ΙΙΙ
899 3965 981 4006 meus
1001 3964 1068 4022 sup.
1092 3947 1199 4008 tineam
1213 3947 1243 4006 B
1256 3935 1274 4026 ΙΙ

180 4029 199 4088 4
222 4032 430 4106 proponuntur
449 4028 552 4090 ΑΒΜ
561 4031 609 4100 115
632 4031 731 4092 dicens
751 4037 855 4108 priore
877 4031 938 4092 loeo
960 4049 980 4090 a
1005 4029 1111 4089 docens
1132 4027 1233 4090 ΑΒΜ
1257 4027 1276 4106 ΙΙ

182 4113 199 4168 6
221 4109 269 4167 Ex
290 4128 345 4169 om.
367 4109 470 4170 ΑΒΜ
490 4108 505 4191 ll
528 4114 666 4183 iambico]
688 4115 895 4173 iambionicum
916 4115 1125 4174 Lachmannus
1142 4113 1278 4172 inlaccr.

176 4196 289 4312 plm
302 4195 317 4265 ΙΙ
333 4197 372 4254 10
393 4195 588 4274 phylomenec
612 4195 684 4260 ΒΜ
704 4199 819 4260 Terent.
842 4199 915 4260 Hoc.
936 4199 1000 4259 111
1018 4200 1050 4270 2,
1072 4199 1192 4269 141114
1217 4195 1278 4257 hio-

181 4346 280 4390 cecero
302 4329 361 4401 ΒΗ
