3126 5146
682 477 720 536 93

152 651 191 719 dc
214 653 263 719 Ti.
286 652 425 720 Claudio
451 651 590 718 Caesare
612 675 750 738 gramm.
773 655 840 739 pl
862 655 923 740 sq.)
952 662 984 716 et
1005 653 1145 737 antiquis
1169 662 1249 718 tem·

150 763 283 851 poribus
307 763 471 828 Romanos
492 784 552 850 pro
574 760 604 823 V
629 772 827 828 consonante
853 761 954 835 Fuci
974 763 1080 847 potius
1103 762 1248 847 ipsorum

151 874 178 939 F
202 872 370 960 scripsisse
393 871 528 957 addidit,
552 872 638 959 quod
650 873 837 938 Priscianus
850 893 978 960 quoque
990 881 1126 937 testatur
1138 872 1154 935 I
1167 872 1197 953 4,
1212 871 1249 936 12

150 1005 181 1070 p.
200 984 237 1045 11
257 981 315 1049 H.:
336 982 373 1047 ‘F
396 981 571 1048 Aeolicum
592 981 765 1068 digamma,
790 982 877 1069 quod
899 981 984 1069 apud
1007 980 1248 1069 antiquissimos

150 1091 325 1157 latinorum
355 1091 492 1156 eandem
521 1091 588 1156 uim
618 1114 715 1177 quam
747 1092 835 1179 apud
863 1090 977 1156 Aeolis
1009 1089 1142 1154 habuit’.
1187 1111 1247 1177 pro

151 1223 344 1286 graecorum
373 1201 404 1262 ‘l'
421 1202 456 1266 in
477 1201 543 1268 fine
564 1202 797 1268 uocabulorum
818 1200 924 1288 posito
945 1199 1053 1264 Varro
1082 1199 1248 1286 praecepit

152 1309 205 1390 (6.
218 1309 287 1393 47),
311 1319 346 1373 nt
379 1311 412 1373 in
442 1307 642 1374 nominatiuo
670 1308 935 1391 describeretur,
968 1307 994 1372 si
1016 1309 1189 1393 genetiucs
1213 1310 1247 1372 in

151 1426 202 1495 tis,
222 1443 261 1499 ps
281 1419 308 1483 si
328 1419 362 1483 in
383 1427 432 1500 pta
454 1417 560 1483 exiret
581 1426 616 1484 ut
639 1418 717 1483 urbs
741 1427 773 1482 et
797 1418 894 1506 stirps
916 1419 970 1502 (ef.
985 1409 1168 1484 Sdhncider
1190 1419 1211 1484 l.
1229 1417 1250 1482 l.

150 1551 181 1614 p.
199 1527 271 1592 218.
296 1526 438 1594 Corssen
460 1527 482 1592 l.
496 1527 519 1595 l.
542 1551 573 1614 p.
597 1527 638 1592 60
659 1528 734 1615 eqd,
768 1527 1002 1614 etymologiam
1025 1537 1057 1591 et
1086 1525 1251 1614 antiquom

151 1659 344 1722 graecorum
366 1659 491 1702 morem
512 1647 640 1703 secutus
671 1639 729 1718 (ef.
753 1638 834 1703 Mar.
857 1636 942 1701 Viet.
964 1637 981 1700 1
1000 1638 1030 1720 4,
1048 1638 1090 1701 74
1111 1660 1141 1723 p.
1156 1635 1249 1701 2466.

151 1746 178 1811 Ι.
200 1745 308 1813 Franz
329 1749 423 1813 elem.
447 1747 617 1835 epigraph.
640 1769 689 1834 gr.
715 1771 746 1834 p.
764 1746 891 1834 20sq.).
922 1746 1118 1833 posteriores
1142 1767 1248 1830 gram-

151 1855 259 1921 matici
282 1858 404 1945 ubique
424 1883 463 1938 ps
484 1859 627 1923 scribere
650 1857 825 1921 uoluerunt
853 1855 1023 1940 analogiae
1054 1854 1180 1919 cuidam
1206 1856 1249 1919 si·

150 1966 291 2031 mulatae
315 1989 379 2053 qua
401 1977 432 2031 et
446 1966 572 2054 Cinyps
584 1965 745 2052 Cinyphia
768 1965 851 2045 (siue
864 1962 991 2052 Oynips
1011 1963 1100 2028 illius
1122 1963 1248 2048 Libyae

150 2075 292 2140 fluminis
305 2097 424 2141 nomen
440 2080 500 2157 est)
514 2077 715 2141 scriberetur
737 2077 1009 2162 obtemperantes,
1028 2083 1063 2138 ut
1075 2074 1250 2139 'larentina

152 2183 295 2251 Scaurus
315 2203 347 2272 p.
359 2184 451 2264 2261,
477 2184 669 2273 Papirianus
685 2209 717 2272 p.
729 2183 823 2268 2291,
837 2183 958 2249 Marius
970 2181 1159 2248 Victorinus
1181 2184 1201 2248 l.
1215 2207 1251 2267 s,

153 2289 286 2358 Curtius
309 2293 505 2359 Valerianus
528 2317 560 2381 p.
579 2291 673 2376 2289,
703 2315 787 2357 unus
810 2290 926 2357 Velius
952 2290 1087 2378 Longus
1119 2313 1151 2376 p.
1168 2291 1251 2356 2236

153 2410 302 2467 ueterum
324 2402 507 2468 auctoritati
531 2401 665 2468 obedire
688 2401 819 2465 mauolt.

249 2511 307 2578 Ad
329 2513 478 2576 librum
501 2510 733 2577 seeundum
756 2510 865 2574 refero
891 2531 972 2594 quae
995 2510 1082 2596 apud
1096 2508 1247 2596 Longum

153 2617 336 2686 Cornutum
358 2621 568 2708 Papirianum
590 2620 630 2686 de
652 2618 762 2684 uerbis
781 2625 894 2684 deliras
915 2617 967 2701 (6.
984 2620 1038 2697 eo)
1060 2625 1254 2684 interuallum

153 2729 205 2813 (6.
218 2729 272 2812 61)
286 2755 361 2796 asaro
375 2730 427 2810 (6.
440 2731 494 2813 52)
508 2733 675 2818 leguntur,
698 2732 739 2797 de
752 2733 866 2816 quibus
879 2755 951 2797 eum
968 2731 1151 2820 fragmenta
1170 2733 1246 2820 quid

153 2838 293 2926 scriptor
315 2839 462 2905 docuerit
483 2841 655 2906 ostendant
675 2842 824 2930 pluribus
847 2841 937 2927 loqui
959 2863 1025 2906 non
1047 2863 1130 2928 opus
1154 2851 1213 2906 est.

254 2948 407 3035 Denique
437 2971 539 3036 pauca
569 2952 610 3016 de
632 2950 932 3036 adspiratione
962 2973 1059 3037 quam
1082 2951 1116 3015 in
1139 2951 1253 3016 libro

155 3056 291 3122 tertio
313 3068 483 3125 tractatam
505 3061 606 3127 fuisse
628 3061 748 3126 scimus
771 3059 887 3127 adicio.
917 3059 1142 3146 adspirationis
1166 3060 1252 3126 enim

155 3177 264 3232 notam
296 3190 361 3232 nou
389 3168 531 3265 litteram
554 3169 589 3234 H
612 3191 683 3236 esse
707 3169 813 3234 Varro
826 3172 851 3250 ¹)
878 3169 994 3252 uoluit,
1026 3169 1112 3256 quod
1140 3170 1174 3234 in
1203 3171 1253 3235 bis

156 3277 289 3360 quidem
309 3277 400 3344 libris
425 3279 547 3345 dietum
571 3280 671 3346 fuisse
701 3301 768 3346 non
797 3280 927 3345 disertis
952 3279 1061 3344 uerbis
1084 3289 1254 3363 testantur,

156 3386 212 3452 sed
235 3396 269 3451 et
289 3410 331 3452 ex
353 3389 399 3455 eis
421 3389 567 3478 sequitur
591 3411 673 3477 quae
697 3390 804 3454 statim
827 3389 977 3472 referam,
1000 3389 1086 3453 etin
1108 3387 1192 3454 libro
1211 3390 1252 3453 de

155 3498 368 3582 grmnmatica
390 3510 502 3588 aperte
524 3501 665 3588 positum
688 3509 768 3564 erat.
811 3509 923 3564 contra
945 3499 1027 3563 hane
1060 3497 1252 3563 sententiam

156 3631 274 3695 magna
297 3632 370 3673 cum
396 3609 573 3675 subtilitate
595 3620 627 3675 et
650 3609 797 3674 doctrina
813 3615 1044 3695 pugnauerunt
1056 3606 1254 3692 posteriores

156 3719 373 3804 grammatici,
402 3730 477 3784 ante
508 3719 589 3784 alios
612 3719 728 3784 Velius
752 3719 888 3804 Longus
912 3719 922 3791 l
926 3739 957 3803 p.
972 3717 1070 3797 2217)
1100 3727 1132 3780 et
1155 3716 1255 3784 Scau·

155 3852 209 3893 rus
238 3829 282 3916 (p.
296 3827 402 3912 2258).
435 3827 543 3914 Longi
566 3829 725 3918 adponam
749 3829 854 3917 prima
875 3830 986 3909 uerba,
1009 3848 1027 3890 e
1051 3826 1166 3911 quibus
1189 3848 1254 3911 qua

156 3938 281 4003 ratione
304 3937 374 4003 fere
398 3937 503 4002 Varro
527 3937 609 4002 illud
634 3939 781 4003 statuerit
805 3935 969 4008 discimus.
999 3935 1045 4002 ‘H
1065 3935 1181 3998 littera'
1204 3933 1252 3998 in·

156 4103 363 4114 .....-....-.........

256 4188 282 4256 1)
300 4189 332 4240 In
349 4188 401 4241 hac
421 4203 530 4256 qnoque
549 4205 579 4242 re
597 4187 740 4257 Nigidium
759 4187 898 4242 adseclam
916 4186 1001 4242 fuisse
1019 4185 1152 4240 Varronis
1172 4185 1254 4239 docet

156 4283 225 4340 Mar.
245 4284 318 4339 Viet.
338 4285 351 4336 Ι
370 4284 397 4350 4,
417 4283 434 4336 b
453 4301 480 4352 p.
497 4283 608 4338 24561).
646 4287 771 4338 ceterum
789 4283 824 4339 cf.
843 4282 994 4339 Schneider
1011 4281 1029 4336 l.
1051 4281 1069 4335 l.
1092 4300 1120 4351 p.
1140 4281 1193 4336 180
1216 4301 1256 4352 sq.

158 4383 276 4438 Gorssen
294 4382 310 4434 l.
330 4381 348 4434 l.
367 4400 392 4452 p.
404 4381 438 4436 46
449 4399 488 4451 sq.
