3126 5146
812 476 870 534 122

292 648 498 734 quorundum
527 649 745 735 grammaticis
774 649 1026 735 praemissorum
1059 657 1092 714 et
1124 649 1182 720 illa
1215 649 1387 737 interpola.

293 758 382 824 tione
396 759 630 844 submotornm,
652 759 855 826 sicutstatim
867 759 959 826 latini
978 757 1125 826 historici
1147 767 1310 827 secuntur.
1333 781 1387 828 ex·

294 877 399 933 trema
430 867 542 934 dubito
574 878 684 936 utrum
713 891 772 957 pro
795 867 891 938 Oinoi
915 868 1036 956 uerbis,
1064 867 1278 938 aVictoriuo
1303 869 1387 939 male

294 977 471 1065 excerptis,
503 977 692 1066 accipienda
720 1000 761 1042 an
797 1000 898 1066 prauo
922 976 1084 1042 Victorini
1114 977 1229 1066 generi
1257 977 1386 1046 dicendi

291 1085 495 1172 indulgenda
516 1085 592 1170 sint,
616 1086 674 1152 sed
699 1109 765 1152 uon
789 1085 913 1169 dubito,
938 1085 1015 1171 quin
1027 1096 1290 1174 properaturarum
1309 1086 1385 1152 scri·

290 1195 436 1263 bendum
462 1194 503 1261 sit
522 1205 719 1263 concesircat.
752 1195 998 1262 exauctoribus
1020 1219 1040 1260 a
1058 1194 1228 1262 Victorino
1251 1196 1386 1282 prolatis

291 1305 480 1372 Demetrius
502 1303 776 1370 etHermecrates
800 1304 841 1370 de
862 1304 990 1390 graecis
1011 1302 1130 1372 litteris
1154 1303 1387 1391 antiquissimis

290 1414 394 1480 locuti
422 1423 507 1499 sunt,
537 1414 694 1502 latinique
723 1413 779 1499 (cf.
799 1413 902 1480 Hertz
923 1412 946 1478 l.
968 1415 990 1478 l.
1015 1438 1046 1502 p.
1060 1413 1113 1493 82)
1144 1413 1276 1480 easdem
1300 1410 1386 1482 XVI

290 1525 330 1590 ab
352 1523 507 1590 Euandro
528 1523 563 1588 in
574 1523 701 1590 Italiam
721 1523 873 1590 aduectas
897 1544 967 1588 esse
983 1522 1145 1606 dixerunt,
1166 1532 1297 1610 praeter
1309 1521 1386 1594 Oin-

290 1633 386 1716 cium,
409 1633 463 1719 qui
485 1633 597 1720 paucis
622 1633 813 1700 conmutatis
833 1632 896 1699 hoo
920 1633 1040 1700 iactum
1065 1653 1136 1700 esse
1157 1631 1271 1700 uoluit.
1293 1653 1386 1718 grae·

291 1765 342 1808 oss
365 1741 490 1808 litteras
514 1763 626 1808 omnes
650 1739 826 1828 scriptores
846 1763 910 1810 uua
932 1751 1041 1808 mente
1060 1742 1120 1809 has
1137 1740 1237 1809 tuisse
1254 1721 1385 1809 tradunt

290 1874 310 1912 a
326 1853 346 1932 β
363 1851 449 1932 pals
469 1875 480 1916 ι
499 1857 813 1930 sternuente,
838 1851 969 1919 easdem
992 1851 1094 1936 igitur
1119 1873 1179 1938 pro
1201 1850 1311 1920 latinis
1333 1873 1384 1918 ac·

290 1971 401 2048 captas
424 1963 526 2030 fuisse
549 1972 805 2029 consentaneum
827 1971 886 2046 est,
919 1970 1150 2050 praeterquam
1172 1960 1259 2046 quod
1281 1981 1340 2047 pro
1366 1962 1387 2021 Y

289 2079 467 2160 poneretur
486 2070 529 2155 V,
552 2071 641 2157 qnod
678 2070 827 2157 primitus
861 2070 949 2136 idem
978 2080 1074 2156 atque
1105 2071 1132 2130 Y
1156 2091 1228 2136 esse
1249 2057 1386 2138 Verrius

289 2182 427 2249 Flaccus
452 2181 539 2270 apud
560 2180 694 2248 Velium
716 2179 870 2266 Longum
893 2201 925 2266 p.
941 2178 1025 2244 2215
1046 2178 1220 2259 intellexit,
1243 2178 1387 2246 easdem-

290 2312 353 2378 que
375 2289 462 2379 apud
484 2289 703 2372 Victorinum,
724 2288 779 2354 ubi
802 2289 1019 2375 congruentia
1042 2311 1236 2376 graecarum
1257 2297 1290 2356 et
1315 2287 1385 2358 lati-

290 2423 407 2465 narum
426 2399 609 2466 litterarum
621 2399 789 2487 premitur,
808 2399 990 2487 propositas
1011 2420 1083 2466 esse
1106 2407 1307 2484 expectares.
1328 2397 1385 2464 sed

286 2511 308 2570 Y
329 2507 520 2596 simpliciter
532 2506 691 2574 reiectum
706 2515 754 2577 est
766 2515 799 2574 et
813 2529 967 2574 numerus
980 2507 1065 2579 XVI
1086 2506 1197 2574 addito
1222 2505 1251 2587 Q
1273 2507 1386 2593 exple

291 2617 395 2700 sur1).
440 2640 514 2686 cum
539 2638 619 2685 uero
640 2616 832 2686 Victorinus
854 2639 893 2683 eo
912 2616 997 2699 loco,
1029 2639 1093 2703 quo
1122 2617 1315 2706 conposuit,
1347 2616 1388 2686 de

293 2727 518 2794 communibus
530 2748 725 2813 graecorum
737 2735 770 2794 et
782 2727 958 2794 latinorum
968 2726 1087 2798 litteris
1098 2727 1259 2812 loquatur,
1278 2724 1388 2810 itaque

289 2837 353 2902 hoc
382 2845 495 2902 contra
525 2858 654 2909 omnem
680 2836 839 2904 rationem
867 2844 1003 2925 pugnet,
1035 2837 1130 2904 facile
1158 2834 1387 2917 contenderes,

290 2945 382 3012 illam
399 2945 518 3012 seriem
532 2945 718 3014 litterarum·
734 2945 895 3012 turbatam
915 2966 997 3029 esse,
1020 2945 1107 3034 quod
1128 2943 1335 3024 hemissum
1357 2951 1389 3013 ot

289 3055 324 3122 H
344 3055 384 3121 eb
404 3056 465 3121 hac
487 3077 525 3120 re
546 3075 680 3142 prorsus
703 3053 856 3139 alienum,
882 3053 1020 3120 inlatum
1042 3054 1236 3122 confirmare
1257 3052 1386 3119 uidere-

289 3173 354 3247 tur,
375 3163 508 3247 nisiI4,
522 3163 564 3232 20
586 3187 617 3252 p.
628 3162 710 3232 2458
734 3162 865 3232 easdem
886 3185 924 3230 sc
952 3171 1064 3228 nostro
1087 3163 1161 3229 loco
1183 3169 1387 3230 enumeratas

290 3273 413 3338 litteras
438 3271 579 3339 uideres.
602 3271 712 3358 itaque
735 3274 874 3340 tortasse
897 3282 1027 3340 secutus
1050 3281 1098 3341 ast
1121 3271 1157 3340 in
1178 3272 1239 3338 hsc
1262 3293 1299 3338 re
1313 3270 1388 3342 Oia·

291 3382 375 3450 cium
398 3384 541 3468 eiusque
573 3383 852 3452 enumerationem
884 3382 929 3452 ibi
965 3403 1093 3471 quoqne
1114 3381 1223 3469 posuit
1245 3382 1300 3450 ubi
1322 3403 1388 3453 non

290 3515 424 3582 prorsus
445 3502 521 3581 apta
540 3501 620 3566 erat.

390 3601 498 3670 Varro
513 3611 621 3670 cutem
638 3602 734 3668 aliter
752 3602 870 3671 statuit.
896 3601 987 3669 cuius
1010 3601 1111 3673 libres
1134 3601 1176 3666 de
1198 3599 1389 3686 antiquitate

292 3712 474 3778 litterarum
505 3734 578 3778 oum
609 3735 629 3776 a
646 3711 817 3780 Prisciano
848 3711 951 3792 semel
981 3711 1203 3798 proferantur,
1234 3718 1268 3774 et
1300 3706 1389 3779 aliud

391 3981 417 4050 1)
440 3980 575 4048 Qnihanc
593 3980 731 4035 rationem
749 3981 837 4036 secuti
855 3982 926 4035 sunt'
939 3981 971 4048 Q,
991 3979 1065 4049 quod
1079 3997 1160 4050 saepe
1172 3979 1201 4033 in
1212 3979 1389 4048 antiquorum

292 4093 457 4149 graecorum
477 4077 616 4147 scriptura
639 4075 764 4132 occurrit
788 4075 834 4145 (oi.
851 4075 940 4132 Franz
959 4077 977 4132 1.
996 4095 1018 4131 s.
1037 4095 1064 4146 p.
1078 4075 1130 4143 16),
1158 4073 1313 4143 antiquitus
1331 4077 1390 4128 tra-

292 4173 382 4228 ‹litum
400 4175 572 4242 putauerunt
591 4173 636 4239 (cf.
655 4171 698 4228 W.
718 4172 837 4226 Corsseu
854 4173 870 4224 l.
890 4190 911 4226 s.
930 4189 957 4242 p.
972 4172 1026 4242 15),
1044 4171 1069 4226 V
1087 4174 1185 4226 eontra
1206 4167 1288 4224 aliam
1305 4171 1389 4238 atque

295 4278 321 4324 Y
336 4268 470 4335 litteram,
491 4267 557 4339 quia
577 4268 662 4326 alium
680 4269 756 4338 apud
773 4285 889 4338 graecos
907 4285 1006 4328 sonum
1018 4269 1143 4337 haberet,
1162 4268 1388 4336 eamquepostsa

291 4365 356 4424 XVI
373 4364 429 4422 illis
448 4365 586 4428 adiectam
605 4382 666 4424 esse
682 4365 831 4424 duxerunt.
