3152 5142
722 491 760 550 15

190 667 292 734 facilis
318 675 367 734 est
389 669 582 756 coniectura,
614 671 690 738 huic
712 667 894 737 Varronem
925 690 1008 756 quae
1030 670 1114 736 libro
1134 669 1220 750 VIII
1245 672 1287 736 34

190 795 220 862 p.
231 774 292 841 41r
306 777 399 842 -43
418 802 450 866 p.
461 779 524 843 423
548 779 589 845 dc
611 778 725 846 eadem
745 801 781 845 rc
805 779 947 868 disputat
971 777 1107 860 dcberc;
1130 779 1192 844 alia
1208 801 1286 864 quo·

189 905 251 968 que
272 885 417 951 indidem
449 886 583 952 fluxisse
611 887 751 952 arbitror
781 886 868 974 quod
891 908 978 950 nunc
1003 907 1070 952 nou
1093 905 1283 973 persequor.

189 995 229 1059 In
251 995 383 1079 syntaxi
405 1016 485 1062 uero
510 997 604 1061 stoici
629 997 689 1062 scli
712 995 906 1082 regnabant,
940 996 982 1060 ad
1012 1017 1068 1061 eos
1099 995 1287 1080 confugere,

189 1103 242 1190 qui
274 1125 309 1168 se
343 1103 418 1169 huic
454 1106 646 1194 disciplinae
681 1105 797 1172 darent
825 1106 968 1192 Dionysi
1001 1106 1152 1171 Varrone
1183 1115 1289 1172 aetate

189 1212 298 1298 paullo
324 1215 513 1298 posterioris
543 1215 710 1303 scriptoris
741 1217 894 1304 exemplo
923 1235 1020 1303 supra
1041 1215 1194 1299 uidimus,
1231 1237 1289 1281 cos

188 1319 289 1406 igitur
310 1323 408 1388 etiam
430 1322 537 1389 Varro
560 1325 652 1410 sequi
678 1325 825 1391 debebat.
860 1347 921 1390 nec
942 1325 1102 1390 mirabere
1128 1323 1216 1412 quod
1237 1323 1288 1387 bis

188 1433 285 1496 rebus
308 1433 479 1519 duodecim
502 1436 602 1500 libros
623 1434 813 1523 inpleucrit,
845 1437 872 1502 si
896 1435 1094 1500 uberrimam
1118 1432 1286 1497 materiam

189 1549 220 1604 ct
238 1541 409 1629 ingentem
430 1541 588 1607 librorum
616 1566 634 1606 a
664 1541 859 1630 Chrysippo
881 1543 1139 1630 conscriptorum
1166 1540 1285 1604 molem

187 1652 400 1736 reputaucris.
423 1651 579 1718 habemus
601 1660 709 1717 autem
730 1661 862 1738 practer
885 1652 985 1739 ipsius
997 1650 1155 1716 Varronis
1180 1649 1287 1735 dispc-

186 1757 338 1824 siticncm
360 1783 456 1846 supra
479 1759 653 1826 indicatam
673 1772 796 1826 certum
811 1761 1032 1826 testimonium
1050 1760 1134 1824 libro
1146 1757 1288 1826 XXIIII

187 1869 263 1933 talia
286 1869 433 1959 exposita
456 1871 567 1955 fuisse,
593 1869 721 1937 Gellius
749 1871 836 1936 enim
865 1871 980 1936 scribit
1008 1879 1093 1935 noct.
1124 1878 1179 1933 att.
1202 1867 1286 1932 XVI

187 1977 250 2062 8‚6
271 1987 324 2045 sed
345 1989 390 2046 Μ.
418 1988 513 2046 Varro
534 1989 569 2047 otc
593 1989 693 2063 linquo
714 1990 807 2048 latino
830 1989 871 2047 od
896 1987 1063 2048 Ciceronem
1082 1981 1188 2060 quarto
1209 1987 1285 2044 uice·

186 2095 256 2154 simo
278 2097 492 2169 expeditissime
511 2101 555 2158 tto
572 2099 640 2170 finit
664 2099 860 2172 ‘proloquium
881 2103 924 2157 cst
942 2100 1085 2156 scatentia
1105 2099 1139 2154 io
1161 2109 1220 2168 quc
1241 2095 1287 2150 ot·

187 2205 229 2263 lu'l
249 2205 444 2265 dendo-otor
465 2201 520 2279 (cf.
543 2201 598 2267 l.l.
614 2199 660 2265 VI
674 2201 715 2264 56
738 2224 768 2288 p.
780 2200 867 2284 233).
909 2199 961 2264 Ex
985 2197 1042 2263 illo
1065 2205 1173 2262 autem
1196 2217 1282 2260 com·

188 2305 344 2371 mentario
366 2305 403 2372 L.
426 2306 502 2371 Aeli
520 2307 632 2372 ‘stoici'
645 2311 669 2386 1)
693 2310 748 2393 qui
769 2308 928 2373 Varronis
955 2305 1111 2392 magister
1137 2313 1205 2370 erat
1235 2304 1284 2368 de

188 2414 444 2500 proloquiis,
475 2439 572 2501 quem
601 2416 730 2485 Gellius
754 2418 864 2505 paullo
898 2427 973 2482 ante
997 2425 1164 2498 memorat,
1188 2409 1284 2478 uides

188 2531 343 2606 quantum
362 2526 454 2611 absit,
476 2536 512 2591 ut
533 2527 612 2591 haec
635 2526 742 2592 studia
763 2527 869 2592 aliena
890 2551 908 2591 a
927 2528 970 2592 M.
984 2524 1140 2592 Terentio
1162 2523 1283 2587 iudice·

188 2653 268 2714 mus,
288 2631 346 2697 sed
365 2655 439 2696 eum
454 2633 562 2719 potius
576 2634 724 2718 magistri
739 2633 891 2721 exemplo
908 2633 1077 2698 incitatum
1095 2629 1286 2716 diligentius

187 2741 221 2806 in
241 2741 541 2838 reminquisiuisse.
566 2744 670 2810 Huius
687 2744 871 2829 argumenti
896 2752 1010 2808 natura
1030 2753 1063 2806 et
1084 2741 1285 2829 proprietate

188 3065 243 3102 aue
263 3043 423 3114 [uocabulis]
444 3055 560 3098 notator.
580 3043 654 3098 addo
672 3041 747 3112 quod
768 3045 827 3096 1111
837 3045 919 3096 libror
939 3041 1010 3106 (eod.
1031 3044 1069 3095 lei
1089 3043 1163 3108 titrt)
1188 3041 1284 3094 Laerti

185 3140 319 3209 Diogenis
338 3139 481 3194 codicibus
500 3140 529 3194 in
548 3139 641 3194 indice
659 3139 794 3192 librorum
813 3136 1044 3206 Chrysippeorum
1065 3133 1200 3203 (v11192)
1221 3151 1285 3188 con·

185 3235 319 3290 firmatur.
338 3237 424 3292 habet
442 3237 524 3300 enim,
549 3242 580 3288 ut
598 3253 706 3289 mecum
725 3233 941 3289 communicauit
964 3231 1074 3286 Curtius
1095 3230 1285 3298 Waehsmuth,

185 3332 246 3385 cod.
265 3333 387 3387 Burbon.
401 3332 453 3386 253
469 3350 539 3387 saec.
553 3331 604 3384 XII
624 3337 685 3400 περὶ
707 3331 752 3398 τῆς
771 3326 839 3382 κατὰ
862 3331 943 3388 λέξεις
962 3325 1120 3400 ἀνωμαλίας
1137 3324 1207 3398 πρὸς
1224 3325 1286 3380 δίον

184 3409 283 3498 appo,
304 3429 364 3482 cod.
385 3429 516 3482 Laurent.
537 3430 605 3498 plut.
624 3427 667 3495 69,
677 3427 711 3481 35
730 3431 793 3497 περὶ
814 3428 861 3480 τοῦ
879 3421 946 3478 κατὰ
964 3421 1011 3483 uir
1028 3425 1111 3483 λέξεις
1128 3406 1286 3493 ἆνωμαλίας

184 3523 254 3596 πρὸς
273 3527 357 3580 (ituro
376 3509 473 3596 ἇῇᾇῖἳ,
494 3525 554 3579 eod.
574 3523 697 3592 Menagii
714 3507 793 3593 obp,
819 3521 926 3576 lonsius
945 3520 1009 3573 hist.
1028 3519 1094 3587 phil.
1114 3518 1202 3584 Ilua
1220 3533 1284 3571 cou-

183 3622 250 3676 iecit
270 3617 294 3686 ς’
314 3641 328 3676 e
346 3623 472 3677 Varrone
490 3622 538 3675 ubi
553 3621 619 3676 olim
637 3641 685 3674 sea
705 3609 961 3689 titroslegcbatur.
995 3627 999 3637 “

284 3718 309 3786 1)
331 3717 387 3772 Cic.
406 3717 483 3770 Brut.
504 3716 549 3783 56,
566 3715 631 3771 205:
660 3715 720 3769 ‘fuit
737 3716 768 3768 L.
793 3715 888 3769 Aelius
914 3712 1025 3766 omuino
1044 3711 1088 3764 uir
1109 3709 1237 3779 egregius
1256 3713 1284 3762 et

182 3815 418 3882 equesltomanus
437 3833 499 3869 oum
518 3814 615 3884 primis
635 3815 767 3868 honestus
785 3813 914 3880 idemque
932 3807 1138 3864 erudItissimus
1158 3810 1186 3860 et
1197 3804 1284 3858 Grae·

182 3912 222 3966 eis
241 3912 343 3966 litteris
363 3918 393 3965 et
410 3913 518 3968 Latinis
537 3912 768 3981 antiquitatisque
786 3915 899 3964 nostrae
912 3913 947 3962 ‘et
963 3908 994 3962 in
1011 3905 1132 3961 inuentis
1150 3904 1235 3976 rebus
1255 3906 1284 3956 ct

180 4008 209 4061 in
237 4009 307 4062 actis
335 4010 558 4079 scriptorumque
588 4014 715 4063 ueterum
742 4009 867 4061 litterate
890 4006 1005 4076 peritus.
1034 4020 1118 4071 quam
1136 3999 1283 4054 scientiam

181 4107 271 4160 Varro
289 4112 386 4161 noster
403 4112 546 4176 acceptam
562 4107 597 4160 ab
616 4107 664 4159 illo
682 4109 846 4173 auctamque
864 4121 914 4172 per
933 4119 1001 4168 sesa,
1018 4100 1062 4153 uir
1079 4097 1191 4167 ingenio
1203 4114 1283 4166 prae·

180 4208 258 4257 stans
280 4204 410 4272 omnique
429 4204 565 4274 doctrina,
587 4203 714 4272 pluribus
734 4207 764 4254 et
780 4198 981 4254 illustrioribus
1000 4195 1101 4249 litteris
1121 4193 1280 4263 explicauit.

180 4301 324 4356 sedidem
342 4303 438 4356 Aelius
457 4301 560 4357 stoicus
579 4317 639 4355 csse
658 4300 756 4359 uoluit,
789 4302 886 4352 orator
908 4300 1000 4350 autem
1013 4312 1080 4348 nec
1105 4293 1213 4347 studuit
1232 4311 1281 4346 un·

180 4417 263 4469 quam
282 4417 334 4454 ncc
352 4399 425 4452 ruit)
560 4385 563 4392 ’
