3152 5142
696 482 735 540 311

167 685 228 747 qus
255 663 464 749 conparatiue
487 670 520 726 et
540 661 742 743 diminutius,
776 669 812 724 ut
844 681 916 724 cum
940 659 1107 742 Prisciano
1140 657 1264 739 loquer,

142 763 413 858 conprehendit.
437 770 481 834 ibi
505 771 716 858 conparstiua
739 778 771 834 et
792 769 826 832 in
849 769 951 833 maius
970 776 1002 832 ct
1020 767 1053 832 in
1072 767 1179 830 minus
1192 763 1264 828 lieri

167 880 260 964 dixit,
286 879 483 966 generisque
505 879 639 944 alterius
655 879 707 962 (fr.
719 878 774 961 24)
788 878 940 965 exempla
958 885 1094 944 iactemur
1113 901 1173 941 nou
1194 884 1267 940 sutis

164 998 287 1066 turmis,
312 998 408 1055 scater
428 1013 488 1053 non
508 997 581 1054 eatis
602 1013 689 1054 seuero
709 988 829 1075 posuit.
949 1059 951 1063 ,

263 1097 317 1163 De
337 1097 449 1162 libro
473 1097 732 1181 duodecimo,
753 1119 827 1161 cum
840 1103 972 1181 praeter
986 1118 1087 1160 unum
1100 1095 1264 1180 fragmen-

164 1217 232 1272 tum
245 1207 380 1272 fortssse
391 1206 468 1271 inde
480 1215 645 1295 sumptum
654 1206 707 1291 (fr.
716 1205 770 1291 21)
781 1205 863 1271 nihil
875 1228 916 1270 en
929 1226 968 1270 eo
982 1212 1145 1269 seruatum
1157 1203 1209 1287 sit,
1221 1211 1265 1266 ta·

166 1337 238 1380 cere
252 1338 349 1399 quam
360 1315 513 1380 hariolari
525 1316 619 1380 malo.
640 1315 853 1403 suspitionem
865 1335 945 1378 uero
959 1313 1120 1401 quandam
1133 1319 1265 1377 mouent

94 1493 96 1496 ,
164 1424 336 1492 Diomedis
361 1425 406 1511 (p.
420 1425 491 1509 371,
506 1424 560 1508 23)
585 1427 686 1490 uerba
709 1432 859 1512 corrupta
882 1423 1019 1508 (11.26),
1043 1424 1077 1488 in
1102 1445 1139 1487 eo
1159 1422 1263 1509 capite

165 1533 400 1599 conscribendo
431 1533 591 1598 Varronis
626 1533 807 1598 doctrinam
840 1553 907 1599 non
941 1532 1125 1616 neglectam
1153 1531 1264 1599 fuisse.

166 1667 240 1708 cum
264 1652 371 1707 autem
398 1665 480 1729 quse
502 1665 544 1708 ex
566 1642 634 1708 eius
656 1643 739 1707 libro
762 1651 889 1730 sumpta
913 1643 978 1707 sint
1002 1641 1183 1706 accuratius
1207 1642 1265 1708 cir·

166 1751 385 1819 cumscribere
419 1775 486 1816 non
521 1751 705 1836 contigerit,
738 1751 801 1815 hoc
837 1751 1032 1816 breuissime
1065 1749 1187 1814 monito
1222 1750 1263 1814 ad

164 1862 323 1926 librum
345 1861 546 1926 decimum
570 1860 744 1926 tertium
765 1871 906 1926 transeo.

265 1970 434 2058 Perpauca
462 1971 503 2034 de
526 1970 792 2056 poeticorum
819 1970 1128 2035 uocabulorum
1161 1967 1265 2056 expli·

165 2080 293 2144 catione
317 2080 445 2145 seimus.
466 2080 501 2144 in
522 2079 617 2145 Nelei
643 2080 785 2144 carmine
810 2088 843 2143 et
863 2078 938 2144 Liui
955 2077 1099 2164 Odyssia
1121 2079 1262 2166 puellam

130 2169 133 2176 Ι
162 2215 260 2270 puero
281 2189 398 2254 dictam
422 2211 493 2254 esse
515 2190 619 2256 uoluit
631 2189 683 2274 (fr.
699 2189 765 2274 28),
784 2189 840 2254 ubi
852 2189 970 2254 Aelius
983 2188 1067 2258 Stilo
1090 2214 1166 2270 puer
1188 2188 1263 2253 reti·

165 2299 246 2382 nuit,
269 2299 302 2364 in
327 2320 391 2382 quo
414 2299 584 2384 analogice
607 2299 749 2363 studium
770 2299 872 2363 uides.
886 2298 1046 2362 Varronis
1068 2298 1262 2362 sententiam

165 2409 318 2494 probauit
329 2407 504 2475 Suetonius
516 2409 573 2492 (cl.
585 2409 628 2476 A.
637 2407 876 2475 Reifferscheid
891 2417 1014 2492 quaest.
1027 2407 1117 2474 Suet.
1130 2431 1162 2496 p.
1178 2408 1264 2488 465),

162 2527 199 2580 ut
221 2519 361 2581 fortasse
382 2518 897 2606 bonampsrtcmexemplorum
920 2517 1036 2600 (Prisc.
1050 2519 1068 2583 Ι
1081 2539 1113 2603 p.
1122 2516 1198 2602 231)
1223 2518 1264 2582 de

163 2626 275 2691 uerbis
297 2627 429 2713 puellus
451 2649 571 2714 puerus
591 2647 673 2715 puer
694 2649 796 2715 puero
817 2627 1028 2714 prolatorum,
1053 2650 1125 2691 cum
1143 2627 1264 2714 optime

163 2734 228 2799 huo
254 2735 424 2819 quadrent,
445 2734 524 2800 alll.
536 2725 692 2802 Terentio
716 2735 887 2822 acceperit.
931 2735 1107 2802 Mulierum
1131 2736 1262 2800 nomina

163 2865 282 2929 graeca
305 2867 360 2918 -,on
384 2845 556 2910 terminata
579 2853 616 2908 ut
638 2844 800 2909 Leontion
824 2843 988 2929 Chrysion
1017 2845 1099 2909 mire
1121 2845 1268 2909 traditur·

164 2953 217 3036 (fr.
229 2952 284 3038 29)
302 2952 337 3016 in
358 2954 499 3018 ebletiuo
517 2963 549 3017 et
567 2953 676 3018 datiuo
696 2963 821 3020 tantum
840 2975 914 3018 eum
927 2953 1093 3019 declinare
1108 2954 1263 3038 uoluisso,

165 3061 252 3146 quod
282 3083 341 3147 per
370 3085 404 3128 se
433 3063 581 3150 ineptum
608 3073 665 3129 cst.
711 3064 820 3128 nescio
853 3085 894 3126 an
923 3063 1031 3150 potius
1061 3062 1260 3149 exposuerit,

163 3171 366 3256 genetiuum‚
386 3195 460 3237 nam
482 3171 601 3259 reliqui
624 3195 714 3237 casus
736 3170 937 3236 nominatiuo
961 3171 1083 3236 similes
1107 3181 1209 3256 erant,
1230 3172 1264 3234 in

164 3281 340 3346 comoediis
371 3281 525 3346 usitatum
553 3305 621 3346 non
648 3282 762 3364 fuisse3
800 3303 896 3366 quam
920 3281 1182 3348 obseruationem
1206 3303 1262 3346 ex·

164 3400 331 3478 cerptores
364 3393 533 3457 obscuram
564 3394 725 3472 fecerunt,
758 3401 794 3454 ut
815 3391 966 3456 assolent.
1013 3401 1045 3456 et
1069 3413 1205 3456 reuera
1229 3391 1263 3454 in

163 3499 272 3565 Plauti
294 3499 494 3589 Terentiquo
513 3500 691 3566 comoediis
715 3501 797 3564 tales
820 3500 969 3585 genetiui
997 3523 1073 3585 non,
1105 3509 1262 3588 quantum

164 3633 227 3697 ego
248 3612 381 3697 quidem
404 3612 503 3678 sciam
517 3613 551 3694 ¹),
575 3621 759 3677 occurrunt.
805 3611 982 3676 Praeterea
1013 3610 1178 3696 palpetras
1201 3632 1262 3696 pro

164 3723 330 3809 palpebris
351 3721 499 3810 posuisse
525 3721 644 3786 dicitur
667 3721 721 3804 (fr.
732 3720 799 3804 30),
822 3719 937 3785 eodem
962 3719 1032 3785 sine
1057 3719 1154 3784 dubio
1178 3719 1261 3784 ueri-

164 3831 274 3918 loquio
297 3855 373 3897 usus
397 3853 460 3916 quo
479 3831 676 3915 Lactantius,
700 3829 754 3916 qui
776 3829 881 3917 ipsum
907 3830 1052 3914 sequitur
1076 3829 1133 3911 (de
1155 3827 1263 3914 opific.

166 4003 340 4012 -ο-...ᾘ

271 4094 298 4161 1)
317 4093 378 4147 Vno
397 4092 490 4145 Plauti
508 4091 575 4158 (mil.
586 4093 622 4161 gl.
634 4090 697 4159 271)
716 4091 777 4144 loeo
798 4090 828 4144 in
847 4090 943 4144 codice
963 4089 1148 4144 Ambrosiano
1165 4068 1263 4144 Platto-

165 4194 280 4243 comasii
305 4202 393 4243 custos
417 4189 528 4256 legitur,
554 4188 602 4242 ubi
628 4192 723 4240 temen
753 4185 919 4256 Ritschelius
950 4189 1147 4240 Philocomasio
1175 4197 1264 4240 custos

166 4285 211 4350 (ol.
231 4285 309 4354 1431)
327 4303 391 4340 cum
409 4285 522 4353 reliquis
540 4284 620 4338 libris
638 4284 751 4352 maluit5
782 4301 864 4352 quem
889 4282 980 4336 locum
1005 4281 1073 4334 mihi
1094 4280 1265 4350 significauit

166 4382 280 4436 Carolus
298 4382 517 4452 Zangemeister.
