3152 5142
811 467 864 524 ’28

293 665 368 712 nem
390 641 625 729 conprehensio
651 653 709 709 est.
725 663 766 708 ea
788 638 960 732 distinguit
980 652 1132 729 quattuor
1142 643 1320 710 uerborum
1332 663 1390 728 ge·

293 775 373 820 nera
395 774 477 839 quae
497 754 640 821 habeant
668 777 771 838 cesus,
803 775 886 842 quae
910 763 1068 842 tempora,
1101 762 1391 841 quaecumque,

293 885 375 950 quaa
397 872 557 931 neutrum.
590 865 673 930 hauc
695 887 769 930 cnm
792 865 826 932 in
849 866 959 952 priore
982 886 1112 953 quoque
1135 863 1239 932 triade
1252 864 1389 930 ubicun-

293 993 356 1058 que
375 995 442 1040 non
463 975 655 1066 generalem
677 973 859 1042 doctrinam
878 976 937 1040 sed
954 974 1222 1062 singulatractat‚
1243 982 1391 1040 naturam

293 1091 423 1150 secutus
446 1083 610 1164 orationis,
634 1092 821 1150 constanter
842 1083 996 1150 adhibeat
1019 1083 1113 1168 (locis
1139 1105 1237 1170 supra
1266 1083 1389 1170 signiti-

294 1190 383 1274 oatis,
406 1191 441 1258 in
462 1191 546 1258 libro
569 1215 654 1260 nono
679 1194 796 1261 lacuna
824 1193 981 1280 pleraque
1004 1192 1176 1261 decorauit
1187 1193 1211 1272 ¹)
1221 1193 1245 1278 ),
1277 1191 1392 1258 cadem

300 1367 496 1380 *m

294 1479 440 1547 tinctiones
460 1487 579 1550 partium
599 1485 688 1548 nauis,
709 1503 761 1534 non
779 1495 870 1552 partes
891 1487 970 1536 acuis
990 1482 1124 1535 dicuntur.
1161 1497 1277 1550 quarum
1304 1481 1393 1534 altera

293 1579 373 1644 parte
392 1575 471 1644 eique
491 1569 645 1631 coniunctis
666 1593 736 1646 quae
753 1594 809 1630 non
833 1576 976 1646 exscripsi,
993 1594 1060 1630 num
1078 1574 1255 1630 Ammonium
1271 1575 1309 1645 (in
1330 1575 1392 1628 Ari·

295 1674 361 1725 atot.
381 1691 410 1725 π.
429 1672 490 1744 epp.
508 1670 597 1742 p.99¹¹
614 1673 681 1742 Be),
707 1674 849 1742 aequalem
876 1673 930 1728 sibi
953 1673 1119 1743 scriptorem
1138 1672 1337 1744 inpugnauerit
1351 1673 1392 1726 'an

292 1768 390 1824 tritam
408 1786 442 1824 eo
459 1774 587 1840 tempore
613 1771 804 1840 quaestionem
827 1771 962 1840 tetigerit,
993 1771 1133 1824 incertum
1158 1771 1209 1824 est.
1239 1769 1392 1825 uerisimile

292 1869 387 1925 butem
405 1871 449 1922 est
467 1867 646 1937 philosophos
665 1867 727 1923 illos
746 1863 946 1938 peripateticos
964 1868 1048 1922 fuisse
1072 1867 1119 1921 uel
1141 1867 1171 1922 in
1194 1867 1247 1922 ban
1271 1883 1302 1921 re
1329 1883 1393 1922 eum

294 1961 335 2016 eis
354 1961 496 2018 facientes.
532 1963 692 2020 Aristotelis
718 1965 765 2031 (cf.
790 1964 927 2024 Steintbal
947 1964 965 2018 l.
984 1965 1002 2018 l.
1022 1982 1049 2033 p.
1066 1963 1128 2033 257)
1148 1964 1316 2020 sententiam
1335 1963 1390 2040 Dio

294 2057 416 2114 excoluit
434 2059 509 2130 (VIII
518 2060 551 2116 ll
563 2078 591 2140 p.
602 2059 666 2128 400)
687 2083 798 2132 quorum
814 2083 939 2134 penarum
956 2065 1150 2118 declinationes
1169 2064 1305 2126 criuntur,
1323 2080 1390 2132 par·

295 2167 333 2208 tes
352 2161 485 2210 orationis
505 2159 581 2223 (luae,
607 2162 631 2212 si
656 2162 775 2222 itemst
804 2161 877 2216 Dion
902 2163 932 2212 in
956 2164 1006 2213 tris
1032 2160 1205 2212 diviserimus
1229 2169 1321 2228 partes
1348 2179 1392 2212 m

294 2272 362 2324 quoe
390 2255 479 2308 uerbis
508 2257 709 2326 aipaificcatar:
745 2275 825 2308 unam
851 2276 920 2328 quac
949 2257 1118 2327 adsignificat
1154 2275 1248 2322 casas,
1276 2258 1393 2310 alteram

295 2369 363 2421 quae
381 2362 508 2422 tempora,
528 2356 638 2406 tertiam
657 2372 724 2422 quac
743 2365 875 2406 neutrum.
896 2353 926 2407 dc
945 2356 986 2430 liis
998 2354 1159 2408 Aristotcles
1175 2355 1308 2410 orationis
1327 2353 1393 2406 duas

293 2458 386 2518 parter
413 2465 470 2501 esre
496 2449 571 2515 elicit,
595 2449 728 2502 uocabula
754 2461 779 2502 et
802 2451 893 2516 uerba,
918 2459 947 2502 ut
973 2452 1047 2503 tomo
1075 2461 1099 2503 et
1120 2469 1208 2520 equos,
1241 2461 1264 2503 et
1284 2451 1349 2520 legit
1370 2461 1395 2503 et

296 2547 391 2597 currit.
411 2543 482 2598 hanc
499 2543 589 2614 igitur-
606 2541 877 2599 diuisionem'Dionis
897 2543 954 2615 (qui
972 2563 1039 2599 num
1057 2544 1230 2600 academicus
1248 2544 1295 2598 ille
1311 2543 1396 2599 fuerit

297 2638 387 2708 quode
406 2639 490 2694 Elink
509 2640 591 2694 Sterk
619 2641 654 2695 de
681 2641 864 2711 paraplerom.
885 2642 970 2710 symb.
990 2641 1046 2695 litt.
1062 2641 1135 2711 belg.
1147 2641 1210 2695 VIII
1223 2660 1257 2711 p.
1274 2641 1291 2695 9
1311 2641 1396 2696 disse·

295 2735 468 2805 ruitneeeio)
484 2738 562 2792 cuius
575 2755 640 2807 pars
655 2738 741 2794 tertia
751 2756 822 2807 quae
840 2744 971 2794 neutrum
989 2739 1120 2794 hebetia
1137 2739 1205 2796 duas
1224 2743 1318 2808 partes
1336 2739 1399 2793 iun-

295 2832 381 2902 gendi
391 2833 522 2888 nimirum
532 2838 561 2888 et
572 2834 790 2890 adminiculandi
807 2834 978 2903 discribitur,
998 2852 1068 2904 quae
1079 2833 1173 2903 itaque
1190 2835 1284 2904 paullo
1302 2834 1392 2904 magis

297 2933 341 2984 eet
359 2929 507 3002 explicate,
525 2930 673 2986 secundam
692 2930 826 2985 Varronis
845 2945 905 2984 esse
923 2946 1032 2984 censeo.
1050 2929 1105 2983 Sed
1124 2929 1210 2984 etiam
1226 2929 1318 3000 prime
1328 2929 1397 2982 Var-

290 3026 374 3090 ronis
391 3025 493 3082 diuisio
512 3032 576 3082 orta
594 3032 638 3084 est
649 3027 809 3093 exDionea,
828 3026 938 3081 adiecta
955 3031 1036 3096 parte
1048 3043 1118 3096 quae
1137 3030 1285 3094 utrumque
1303 3025 1398 3080 babet.

289 3141 398 3193 cume,
419 3125 545 3193 quamuis
569 3142 627 3182 non
656 3143 771 3194 prorsus
794 3127 932 3191 accurate,
961 3129 1055 3178 tamen
1080 3124 1197 3178 nonita
1215 3125 1399 3193 neglegenter

297 3221 521 3291 (cISchoemenn
533 3222 549 3275 l.
560 3223 578 3276 l.
599 3239 625 3290 p.
638 3205 682 3291 il)
700 3221 789 3274 Varro
807 3222 917 3276 locutus
939 3226 991 3288 est,
1010 3239 1073 3276 eum
1091 3221 1149 3274 has
1167 3221 1203 3274 ed
1222 3225 1399 3289 quattuor

297 3321 420 3389 partas
439 3319 583 3387 generales
603 3335 660 3372 non
678 3318 714 3372 ad
731 3319 857 3387 proxime
868 3303 1070 3372 ¹antecedentes
1092 3318 1216 3388 singulas
1233 3319 1361 3373 referret.

397 3415 423 3483 1)
444 3415 482 3469 Vt
499 3414 553 3470 hoc
570 3415 667 3470 melius
688 3416 869 3485 intellegatur
887 3415 1023 3484 simulque
1052 3415 1234 3484 aequabilitas
1262 3415 1399 3470 librorum

298 3512 363 3566 VlIl
380 3516 410 3568 et
427 3511 506 3566 VIIII
523 3529 575 3568 nec
594 3513 623 3569 'm
642 3512 725 3568 editis
744 3512 949 3582 exemplaribus
967 3529 1021 3566 nec
1040 3512 1070 3565 in
1090 3511 1120 3565 0.
1134 3511 1261 3568 Muelleri
1279 3511 1398 3582 dispesi-

298 3610 375 3664 tiana
393 3610 462 3664 satis
483 3609 632 3678 conspicua
651 3609 738 3664 oculis
763 3609 928 3674 subiciatur,
951 3626 999 3663 ces
1027 3608 1154 3663 breuiter
1181 3608 1228 3664 hic
1255 3609 1399 3678 conposui.

298 3707 471 3776 respondent
491 3707 545 3762 sibi
564 3706 633 3762 baec

328 3801 405 3857 VIIII
443 3795 517 3858 1---6'
618 3801 755 3872 praefatio
1118 3798 1183 3852 VIII
1205 3798 1293 3853 1-24

467 3898 483 3952 7
617 3898 762 3968 dispositio
781 3898 956 3967 sequentium
1226 3895 1261 3950 25

438 3995 526 4049 8-35
616 3995 787 4049 consuetudo
809 4025 844 4034 —-
861 3993 934 4047 ratio

422 4089 529 4144 36-39
548 4090 582 4144 A.
601 4107 666 4159 pars
685 4088 832 4160 generalis.
870 4088 894 4142 1.
913 4086 1049 4157 praefatio

423 4185 531 4242 40-44
566 4186 608 4240 2a
625 4186 661 4242 de
679 4185 861 4240 similitudine
1186 4180 1293 4266 39-43

456 4284 492 4340 45
564 4284 605 4338 ab
624 4282 754 4352 analogia
771 4282 873 4351 ubique
892 4285 940 4338 aut
960 4297 1095 4349 nusquam
1183 4278 1292 4336 37—38

423 4380 467 4436 46.
497 4379 532 4434 47
565 4379 870 4436 2cdedalectat10ne
1084 4433 1086 4439 ,
1184 4375 1229 4430 31.
1255 4375 1292 4430 32
