3152 5142
288 1441 329 1506 In
359 1439 553 1524 Hieronymi
584 1439 733 1524 catalogo
764 1439 868 1506 omnis
895 1438 1093 1526 quaestionis
1120 1439 1161 1503 de
1194 1438 1285 1504 libris

189 1549 399 1614 Varronianis
433 1549 644 1614 fundamento
673 1548 730 1634 (of.
752 1549 791 1614 F.
813 1547 940 1614 Ritsohl
970 1549 1001 1614 d.
1026 1548 1287 1614 schriltstellerei

188 1659 244 1724 des
267 1659 312 1725 M.
335 1657 508 1724 Terentius
530 1657 636 1724 Varro
659 1659 694 1724 in
716 1681 792 1736 nou.
813 1679 895 1724 mus.
918 1659 1023 1724 Rhen.
1038 1657 1089 1722 VI
1110 1681 1140 1746 p.
1152 1656 1213 1722 481
1237 1680 1286 1744 sq.

187 1769 257 1834 XII
280 1791 312 1856 p.
330 1767 402 1853 150)
425 1768 459 1832 hi
490 1769 577 1834 tituli
605 1769 811 1854 grammatici
841 1777 1090 1834 enumerantur:
1123 1766 1172 1832 de
1204 1766 1285 1832 lin·

187 1901 263 1964 gna
284 1877 418 1944 latina
443 1876 547 1944 libri
578 1878 688 1961 XXV,
711 1877 891 1972 epitome
915 1877 962 1942 de
980 1877 1126 1963 lingua
1155 1876 1286 1942 latina

188 2009 205 2051 e
232 1987 358 2053 libris
390 1986 524 2072 (X)XV
554 1985 656 2052 libri
694 1987 819 2070 ἯΙΙΙ,Δ
845 1987 891 2052 de
925 2007 1116 2052 sermone
1148 1986 1287 2050 latino

187 2096 289 2162 libri
322 2098 365 2180 V,
398 2098 445 2162 de
477 2097 648 2184 origine
681 2098 857 2184 linguae
889 2097 1042 2160 latinae
1067 2095 1180 2160 libri.
1212 2095 1287 2177 III,

187 2205 235 2270 de
262 2205 560 2272 similitudine
592 2208 822 2272 uerborum
850 2205 955 2271 libri
986 2206 1051 2289 Ill,
1086 2205 1203 2291 quibus
1236 2227 1286 2268 ao-

186 2314 273 2378 oodit
297 2315 394 2380 ‘liber
428 2315 674 2402 disciplinarum
708 2317 757 2381 de
796 2314 1070 2402 grammatica.
1115 2324 1285 2399 praeterea

188 2433 361 2492 ooourrunt
386 2424 472 2511 apud
505 2423 733 2510 grammaticos
764 2422 875 2490 libor
899 2425 936 2490 ΙΙ
959 2423 1003 2488 de
1026 2423 1288 2507 antiquitate

187 2537 431 2602 litterarum
460 2536 620 2620 (Primi
652 2561 684 2624 p.
708 2534 886 2619 issone),
915 2534 1016 2600 libri
1047 2533 1096 2598 ad
1123 2533 1289 2600 Attium

187 2649 347 2736 (Pompei.
370 2669 487 2714 comm.
512 2647 669 2714 artDon.
692 2669 723 2734 p.
738 2646 846 2726 ent),
868 2645 979 2710 libor
1001 2646 1077 2714 1111
1101 2644 1148 2709 do
1172 2644 1288 2710 utili·

186 2765 273 2822 tate
299 2757 510 2824 sermonis
535 2754 647 2841 (Char.
673 2755 857 2842 p.·123K.).

731 3171 956 3252 I..

287 3404 404 3470 Libros
436 3404 484 3469 do
514 3405 656 3490 lingue
688 3404 820 3470 latina
847 3404 949 3470 fuisse
972 3402 1071 3468 XXV
1103 3413 1136 3467 et
1159 3413 1289 3489 praetor

189 3521 338 3598 quattuor
367 3515 493 3602 priores
522 3515 579 3596 (of.
603 3513 643 3578 de
666 3513 686 3578 l.
704 3513 726 3578 l.
748 3513 781 3578 V
800 3513 873 3580 tM.
894 3536 925 3601 p.
943 3511 981 3578 12
995 3511 1067 3598 Sp.)
1091 3512 1131 3576 ad
1155 3511 1288 3577 Cicero-

187 3643 265 3687 nem
283 3631 320 3686 ut
343 3620 491 3688 Caesaris
527 3623 568 3687 de
599 3621 751 3707 analogia
780 3643 862 3706 opus
892 3620 1030 3708 scriptos
1054 3641 1126 3685 esse
1149 3627 1285 3700 constat,

187 3731 269 3798 illud
301 3755 343 3798 ex
373 3712 567 3820 Hieronymi
597 3734 703 3799 indiae
729 3743 761 3799 et
792 3756 927 3800 seuerae
958 3733 1178 3823 dispositionis
1211 3734 1287 3819 lege

189 3865 251 3930 qua
271 3842 379 3908 Varro
405 3865 472 3908 nun
500 3835 609 3908 solum
626 3843 660 3907 in
682 3843 733 3908 his
754 3843 845 3910 libris
868 3845 1018 3910 utebatur
1032 3843 1056 3925 ¹)
1080 3841 1135 3927 (of.
1159 3841 1285 3908 Ritsohl

186 3975 261 4018 nou.
285 3975 367 4019 mus.
390 3953 438 4018 rh.
460 3953 511 4017 VI
531 3977 562 4042 p.
576 3953 664 4038 525),
695 3953 757 4018 hoo
785 3975 803 4017 e
827 3952 995 4020 Ciceronis
1019 3951 1177 4018 Academ.
1200 3961 1284 4039 post.

286 4162 312 4230 1)
332 4162 366 4216 ol.
385 4167 499 4232 praeter
518 4163 605 4220 libros
624 4162 659 4216 de
678 4179 708 4216 re
727 4161 832 4216 rustica
856 4161 889 4214 de
914 4161 1114 4230 antiquitatum
1133 4158 1212 4224 libris
1231 4159 1286 4211 An-

186 4257 292 4328 gustini
302 4258 337 4312 de
348 4258 401 4314 oin.
409 4258 455 4314 dei
460 4259 497 4314 Vl
507 4258 524 4312 3
528 4298 535 4325 ,
552 4259 583 4312 fr.
594 4257 793 4326 antiquitatum
802 4257 912 4310 human.
924 4256 972 4310 lib.
982 4256 1034 4308 XX
1045 4255 1164 4326 ap.Non.
1177 4255 1287 4324 quadri-

184 4352 283 4408 fariam
304 4374 330 4424 p.
342 4354 386 4422 92,
405 4355 438 4408 fr.
451 4355 485 4409 de
503 4356 564 4410 nita
582 4355 679 4424 populi
699 4353 817 4407 Romani
837 4351 910 4407 lib.I
928 4371 971 4424 ap.
982 4351 1053 4408 Non.
1066 4351 1168 4407 uictuis
1187 4371 1212 4422 p.
1226 4351 1287 4405 494.

1068 4457 1081 4510 1
