3140 5148
692 441 751 499 179

181 637 255 682 cum
277 637 311 681 se
332 640 353 681 a
375 617 467 681 r'ecto
489 623 564 684 actu
586 615 694 705 operis
716 615 913 684 deterserint
944 616 1085 696 delirare
1114 618 1279 708 dicuntur,

181 724 229 791 sic
251 725 306 817 qui
326 749 345 791 a
366 735 457 791 recta
476 724 531 790 uia
552 725 638 792 uitse
659 726 702 792 ad
721 750 857 816 prauam
878 726 1053 814 declinant,
1078 749 1139 818 por
1165 729 1280 798 simili·

181 834 328 902 tudinem
349 835 566 903 translationis
588 836 666 903 item
689 837 829 904 delirare
852 837 1090 908 existimentur.

146 1027 179 1090 51
251 1021 480 1116 vInteruellum
503 1019 583 1089 duas
605 1021 634 1087 L
655 1022 765 1110 habet,
796 1021 922 1112 uallum
956 1022 1042 1090 enim
1072 1023 1179 1112 ipsum
1211 1046 1278 1095 non

152 1131 277 1218 taliter
298 1129 460 1216 scribitur,
489 1155 507 1196 a
529 1153 594 1216 quo
617 1131 836 1198 interuallum.
880 1119 1085 1199 Varro'di'olt
1106 1113 1280 1201 interualla

181 1263 252 1309 esse
269 1239 382 1330 spatia,
395 1261 477 1326 quae
492 1244 567 1307 sunt
589 1239 675 1306 inter
697 1238 804 1327 capita
826 1237 987 1307 uallorum
1008 1239 1115 1308 idest
1134 1242 1280 1332 stipitum
1387 1244 1392 1254 “

182 1350 299 1438 quibus
320 1347 444 1416 uallum
464 1351 510 1433 fit,
531 1347 620 1416 unde
643 1357 750 1415 cetera
772 1370 901 1438 quoque
925 1351 1028 1440 spatia
1050 1349 1213 1421 dicuntur.

144 1541 180 1605 53
263 1533 389 1600 Narare
409 1553 470 1620 per
491 1555 592 1598 unum
614 1533 644 1600 R
665 1531 827 1616 scribitur,
848 1520 1187 1621 ut'Varroniplaoet.
1228 1557 1278 1602 se-

182 1651 275 1709 cutus
297 1647 348 1707 est
371 1641 457 1706 enim
480 1641 714 1730 etymologiam
736 1641 876 1708 nominis
899 1641 980 1726 eius,
999 1662 1062 1727 qua
1083 1660 1205 1730 gnarus
1220 1644 1276 1709 di-

126 1763 160 1819 10
181 1751 275 1837 citur,
297 1752 352 1838 qui
373 1751 434 1818 solt
456 1761 488 1817 et
511 1752 629 1839 accipit
651 1751 738 1838 quod
758 1751 849 1836 loqui
869 1751 1171 1838 debeat-donique
1193 1775 1280 1819 oom-

179 1859 298 1950 positio
320 1860 414 1926 uerbi
434 1859 479 1926 its
499 1860 669 1928 scribitur:
691 1861 857 1948 ignorare,
881 1861 967 1948 quod
988 1883 1056 1927 non
1076 1883 1138 1949 per
1161 1861 1226 1928 duo
1249 1863 1279 1930 R

179 1969 237 2036 sed
259 1992 442 2058 perunum
466 1970 626 2037 scribitur.
681 1969 757 2036 ideo
780 1980 813 2036 et
836 1969 960 2036 naratio
983 1992 1086 2038 unum
1107 1969 1137 2036 R
1157 1973 1279 2038 habere

180 2080 290 2149 debet.

142 2283 181 2356 54
263 2265 308 2333 M.
330 2265 438 2332 Varro
469 2265 504 2332 in
531 2265 615 2332 libro
651 2264 794 2332 'secundo
822 2261 862 2330 ad
890 2261 1081 2370 Marcellum
1110 2265 1155 2372 de¹
1179 2221 1279 2336 latino

179 2479 237 2532 cet
260 2517 265 2530 .
282 2513 311 2532 ..
330 2474 493 2532 delirare
513 2475 787 2531 existimantur.
815 2473 1089 2544 Caper.p.2248P.r
1108 2476 1230 2536 delirare
1248 2483 1279 2533 et

178 2547 306 2602 delerare
324 2543 382 2602 tao
403 2548 450 2600 roi
468 2549 565 2615 ληρεῖν.
601 2546 673 2601 Non.
683 2565 712 2617 p.
725 2550 773 2603 17:
793 2545 923 2606 Delirare
935 2546 1171 2620 (delerareoorld.)
1182 2553 1227 2616 est
1243 2549 1278 2605 ds

178 2623 257 2674 recto
279 2618 423 2674 decedere.
459 2618 514 2672 lira
531 2621 575 2672 est
594 2621 689 2672 antem
707 2617 783 2672 fossa
801 2620 890 2683 recto,
902 2635 973 2688 quae
987 2623 1182 2691 oontrnegros
1193 2625 1276 2676 tuon-

178 2691 230 2748 dos
248 2690 362 2745 ducitur
382 2692 412 2743 et
429 2689 459 2742 in
476 2705 561 2758 quam
578 2689 656 2761 uligo
676 2694 770 2745 terroe
791 2690 932 2744 decurret.

229 2839 231 2849 ᾗ
280 2789 324 2840 51.
362 2783 523 2840 Cassiodori
541 2783 655 2838 Cornut.
674 2801 701 2854 p.
714 2786 785 2839 2284
796 2784 828 2838 P.
838 2801 866 2854 p.
874 2787 945 2840 576⁸
965 2783 1075 2840 Garat:
1097 2782 1278 2842 Internsl·

179 2855 251 2911 lum
269 2857 355 2911 duas
374 2899 380 2912 .
400 2896 406 2910 .
427 2897 433 2910 .
452 2855 569 2926 spatia
588 2855 768 2912 dicuntur.
803 2855 881 2912 Beda
901 2874 928 2926 p.
941 2859 1012 2912 2337
1021 2857 1068 2912 Ρ.;
1091 2857 1274 2914 interuallum
1336 2866 1341 2880 ¹

178 2945 232 2998 per
249 2929 305 2983 duo
324 2929 347 2982 L
366 2928 545 2982 scribendum
563 2931 617 2981 est.

279 3003 322 3054 52.
358 2998 519 3055 cassiodori
535 2998 677 3068 Papirion.
700 3015 728 3070 p.
744 3001 814 3054 2290
829 2998 860 3053 P.
879 3016 906 3072 p.
916 3001 986 3054 578Α
1005 2998 1117 3070 Geretr
1146 2999 1277 3068 Querella

179 3087 231 3142 per
249 3069 338 3125 duoL
352 3071 493 3125 scribitur.
530 3086 659 3124 narare
677 3086 741 3139 per
821 3071 956 3126 hebere
979 3071 1096 3148 debet.
1116 3069 1248 3128 Vel.Lon
1271 3117 1277 3130 .

179 3145 299 3212 Ῑ).2238;
328 3159 394 3197 sane
418 3143 447 3196 in
476 3157 509 3196 eo
535 3140 610 3211 qnod
636 3145 679 3196 est
704 3156 805 3196 narare
829 3143 1011 3197 obseruatum
1036 3145 1079 3198 est
1097 3145 1130 3197 ut
1146 3161 1234 3199 unum

179 3213 373 3280 scriberemus,
401 3214 531 3284 quoniam
558 3213 638 3266 uenit
662 3232 678 3267 a
699 3229 790 3284 gnaro
818 3213 863 3268 cui
887 3215 1062 3270 contrarium
1086 3218 1130 3270 ost
1150 3215 1277 3288 ignarus.

177 3284 254 3340 Beda
273 3304 301 3356 p.
314 3289 397 3340 2340:
415 3303 484 3339 noro
503 3290 532 3339 et
549 3285 661 3339 naratio
678 3301 730 3353 per
749 3285 775 3339 R
793 3285 964 3340 scribantur.

278 3361 320 3412 53.
357 3357 428 3411 Gell.
445 3357 498 3410 XII
521 3359 603 3420 10,1:
623 3353 780 3410 Aeditimus
797 3358 917 3411 uerbum
935 3357 1055 3412 latinum
1065 3357 1118 3412 ‘est
1136 3361 1166 3411 et
1184 3361 1276 3423 uetus,

178 3445 210 3483 eo
226 3428 317 3483 forma
334 3429 440 3484 dictum
458 3447 511 3498 qua
531 3427 715 3482 finitimus-et
733 3427 887 3498 legitimus.
905 3446 959 3498 pro
972 3446 1004 3484 eo
1016 3429 1185 3502 splerisque
1203 3445 1278 3484 nunc

177 3500 306 3554 aedituus
324 3500 428 3555 dicitur
446 3517 520 3554 noua
538 3503 567 3553 et
585 3499 781 3554 commenticia
801 3501 994 3570 usurpatione,
1023 3499 1104 3570 quas'l
1128 3518 1145 3553 a
1164 3500 1277 3556 tuendis

177 3573 294 3626 aedibus
312 3571 478 3642 appellatus.
514 3570 582 3625 setis
598 3569 653 3623 hoc
672 3584 732 3624 esse
750 3571 845 3640 potuit
869 3570 1038 3644 admonendi
1057 3571 1151 3642 gratio
1174 3572 1278 3628 dixisse

178 3648 400 3770 :auris
435 3639 1063 3783 sitsuccessurum
1093 3643 1278 3786 totu

171 3786 436 3857 incorruptum.
479 3785 515 3840 ol.
533 3785 624 3843 Varro
643 3784 714 3840 del.
727 3785 752 3838 l.
765 3785 817 3843 vn
839 3789 871 3854 12
891 3803 919 3857 p.
934 3789 995 3841 298.
1019 3785 1092 3846 ΙῩΙΙΙ
1111 3789 1144 3842 61
1168 3803 1196 3857 p.
1213 3789 1274 3854 437.

279 3965 297 4022 s
321 3963 505 4022 asserantur
522 3960 608 4030 Vtra
629 3960 666 4019 oe
687 3961 770 4022 coos.
794 3961 857 4021 oto.
880 3959 920 4022 ao
940 3949 982 4034 fr.
994 3965 1034 4022 43
1056 3960 1129 4035 duae
1151 3957 1202 4019 .1.1.
1226 3958 1278 4018 na-

178 4045 231 4106 bet
249 4045 311 4106 AB
324 4047 341 4117 ΙΙ
365 4051 382 4106 6
403 4051 472 4105 sunt
493 4047 524 4106 B
545 4033 661 4106 erasum
682 4049 715 4104 in
736 4043 767 4105 A
780 4046 828 4116 118
851 4037 1067 4132 111111111ιῖ02ἲ
1079 4042 1118 4104 Ἀ
1131 4034 1146 4122 ΙΙ
1160 4047 1278 4103 secutus

180 4132 256 4190 enim
278 4135 323 4190 est
345 4131 566 4206 ethimologiam
587 4127 618 4188 B
641 4121 657 4206 ΙΙ
684 4129 721 4186 10
743 4133 772 4188 et
794 4129 906 4208 accipit,
921 4147 977 4202 om.
995 4127 1053 4198 Bll
1078 4127 1158 4209 quod
1180 4125 1276 4204 loqui]

180 4215 253 4292 quid
273 4216 357 4292 loqui
371 4215 465 4291 Aqui
484 4215 566 4290 loqui
576 4213 607 4273 B
621 4213 636 4286 lt
651 4216 688 4272 12
710 4213 842 4272 narratio
856 4230 946 4297 crosso¹
957 4215 1060 4289 priore
1080 4209 1139 4274 rA
1152 4211 1167 4282 ΙΙ
1184 4214 1221 4268 14
1244 4211 1280 4274 de

179 4299 263 4359 codd.
285 4302 348 4360 uid.
371 4300 442 4358 adn.
464 4299 505 4358 ad
522 4297 564 4374 fr.
577 4291 629 4380 ‘36st
641 4295 822 4381 marcellium
839 4297 897 4372 Vll.
