3126 5146
813 481 875 543 165

299 653 499 742 definitione,
513 679 575 745 qua
589 681 656 727 non
670 659 852 728 includitur
867 679 942 725 cum
954 658 1093 726 dicimus
1115 660 1262 748 loquor‘.
1286 680 1397 750 quam·

297 767 349 834 nis
371 767 579 834 enim'unum
597 771 736 836 uerbum
765 769 817 854 sit,
848 791 915 836 non
944 770 1044 835 habet
1072 774 1182 836 tamen
1212 767 1397 858 simplicem

300 877 583 965 significationem,
616 877 776 965 siquidem
801 878 967 968 significat
997 879 1094 945 etiam
1117 879 1289 966 personam
1312 899 1398 965 quae

297 983 452 1075 loquitur.
474 988 549 1056 ideo
571 989 637 1056 iam
659 989 838 1084 obnonimn
859 998 910 1055 est
929 989 1059 1055 ueritas·
1076 997 1132 1054 aut
1152 985 1294 1074 falsitati,
1318 1011 1393 1055 nom

299 1104 332 1162 et
352 1097 467 1183 negari
490 1107 522 1163 et
544 1099 700 1166 affirmari
727 1107 846 1188 potest
889 1099 993 1164 omnis
1014 1099 1130 1184 itaque
1150 1097 1257 1186 prima
1285 1107 1320 1163 et
1344 1109 1426 1167 aee

301 1206 408 1273 cunda
422 1228 563 1294 persona
575 1207 669 1274 uerbi
691 1208 838 1294 quamuis
861 1206 1052 1293 singillatim
1067 1208 1265 1292 enuntietur,
1287 1216 1398 1273 tamen

298 1316 385 1382 inter
411 1317 584 1383 coniuncta
612 1316 714 1382 uerba
741 1311 976 1400 numerabitur,
1009 1312 1084 1406 quia
1116 1313 1298 1406 simplicem
1330 1337 1397 1383 non

237 1459 241 1467 ·
299 1425 399 1518 babet
419 1426 702 1516 significationem.
732 1424 737 1510 Ι
766 1424 862 1524 tertia
882 1445 1024 1514 persona
1042 1427 1136 1492 uerbi
1158 1447 1289 1518 semper
1311 1426 1397 1495 inter

298 1534 460 1623 simplicia
492 1545 683 1601 numeratur
706 1544 740 1601 et
759 1535 906 1600 nondum
936 1544 991 1600 aut
1019 1535 1178 1602 affirmari
1207 1545 1261 1602 aut
1282 1535 1398 1621 negari

298 1653 418 1733 potest,
448 1645 512 1713 nisi
535 1669 609 1711 oum
629 1644 708 1712 talia
731 1647 834 1711 uerba
856 1655 943 1731 sunt,
968 1644 1092 1730 ·qoibus
1125 1645 1310 1712 necessario
1341 1666 1393 1711 co·
1408 1662 1442 1718 10

297 1755 412 1820 haeret
432 1776 593 1842 personae
615 1754 810 1842 significatio
829 1743 1068 1821 ‘consuetudine
1082 1754 1251 1840 loquendi,
1270 1763 1308 1820 ut
1322 1777 1398 1820 oum

297 1863 439 1930 dicimus·
449 1865 550 1954 ‘pluit'
563 1866 620 1932 uel
632 1863 795 1951 ‘ninguit',
815 1865 914 1932 etiam
934 1864 963 1930 si
984 1885 1051 1930 non
1071 1863 1209 1930 addatur
1221 1864 1292 1950 quis
1306 1863 1400 1952 pluat

297 1981 354 2040 aut
373 1977 522 2060 ninguat,
544 1983 655 2040 tamen
678 1973 753 2060 quia
775 1973 984 2060 intellegitur
1003 1996 1069 2040 non
1089 1981 1200 2062 potest
1222 1972 1398 2040 intersim·

297 2082 397 2169 plicia
421 2083 597 2150 numerari.

297 2307 363 2346 men
379 2288 455 2345 inter
473 2290 610 2362 simplicia
627 2294 807 2346 numeratum
824 2295 879 2348 est.
906 2309 972 2346 nam
990 2308 1036 2346 res
1049 2290 1212 2348 definitione
1229 2291 1401 2357 illustratur,

297 2359 408 2418 dictum
434 2366 477 2418 est
503 2363 578 2418 enim
602 2362 632 2418 id
660 2381 721 2418 esse
749 2361 868 2434 simplex
893 2361 969 2432 quod
991 2382 1078 2418 unum
1099 2363 1232 2433 quiddam
1250 2361 1401 2436 significat.

300 2434 425 2505 itaqua
443 2433 510 2490 hoc
530 2474 537 2489 .
557 2475 563 2488 .
584 2433 712 2489 .habet
736 2435 1065 2506 significationem.
1106 2435 1244 2505 siquidem
1271 2433 1400 2506 quisquis

297 2505 367 2560 dicit
389 2503 528 2571 ‘ambulo'‚
551 2509 580 2560 et
600 2507 819 2561 ambulationem
836 2504 904 2560 facit
921 2506 1051 2577 intellegi
1069 2508 1098 2560 et
1117 2525 1145 2561 se
1164 2507 1257 2578 ipsum
1274 2507 1323 2578 qui
1342 2523 1401 2560 am·

298 2577 388 2643 bulat,
408 2581 442 2631 et
461 2578 585 2647 quisquis
603 2577 673 2632 dicit
698 2577 851 2642 ‘ambulas’‚
872 2577 1001 2632 similiter
1020 2583 1049 2632 et
1067 2595 1126 2632 rem
1145 2596 1216 2648 quae
1235 2578 1268 2632 fit
1288 2581 1318 2632 et
1335 2595 1402 2632 eum

297 2649 348 2718 qui
365 2649 434 2704 facit
452 2649 603 2720 signifieat.
627 2653 657 2703 at
675 2667 744 2704 uero
764 2650 813 2719 qui
831 2649 900 2703 dicit
911 2649 1055 2704 ‘ambulat'
1069 2650 1140 2704 nihil
1159 2650 1240 2705 aliud
1257 2667 1341 2719 quam
1357 2649 1400 2718 ip·

297 2738 357 2775 sam
367 2719 506 2791 signifieat
517 2721 745 2786 ambulationem,
766 2723 949 2790 quamobrem
965 2723 1081 2775 tertia
1101 2739 1255 2791 persona
1265 2763 1272 2776 .
1282 2761 1291 2774 ,.
1304 2761 1311 2776 .
1322 2735 1399 2790 pro·

297 2792 499 2862 loquiorum
515 2811 656 2847 summa.
674 2793 960 2862 Mart.cap.11n388
978 2811 1006 2863 p.
1018 2797 1115 2862 ll7sq.
1136 2791 1200 2848 Gn:
1218 2793 1329 2848 Nomen
1345 2795 1399 2857 est,

295 2864 374 2933 quod
390 2863 513 2933 aliquam
531 2880 593 2918 rem
610 2863 750 2935 signifieat
767 2868 797 2918 et
813 2881 865 2933 per
883 2882 964 2918 casus
982 2865 1060 2918 flecti
1075 2868 1181 2934 potest.
1216 2866 1336 2920 uerbum
1354 2865 1400 2918 eat

299 2934 375 3005 quod
391 2935 500 3005 eliquid
517 2935 660 3007 significat
679 2941 708 2990 et
727 2954 778 3006 per
794 2939 924 3005 tempora
941 2935 1018 2990 flecti
1036 2940 1141 3005 potest,
1162 2940 1196 2990 ut
1216 2937 1331 2992 ‘Cicero‘
1349 2952 1400 2990 no·

295 3023 371 3090 men,
391 3009 536 3077 ‘disputat'
554 3009 681 3062 uerbum.
700 3008 769 3062 haec
787 3009 823 3061 eb
841 3007 963 3090 inuicem
982 3011 1113 3077 separata
1128 3025 1186 3062 non
1203 3007 1274 3063 nihil
1285 3007 1401 3077 quidem

298 3078 1036 3221 tuttelstet?tutttllstlbultltt
1046 3084 1205 3222 3332,
1216 3081 1400 3206 biblii

298 3222 399 3291 putat,
419 3221 475 3276 iam
494 3221 550 3277 dici
569 3225 666 3292 potest
686 3221 793 3276 ‘Cicero
812 3221 1030 3292 nondisputat’.
1058 3239 1119 3278 esse
1135 3225 1231 3278 autem
1248 3221 1333 3277 debet
1349 3238 1400 3275 no·

296 3293 450 3347 minatiuus
476 3310 556 3350 casus
581 3294 709 3360 nominis,
738 3297 767 3348 et
789 3293 876 3348 tertia
900 3295 981 3348 uerbi
998 3311 1128 3363 persona.
1168 3295 1259 3363 prima
1276 3309 1400 3363 persona

294 3364 439 3438 significat
458 3364 574 3434 aliquid,
594 3365 743 3434 quodiam
759 3365 860 3441 negari
878 3366 926 3421 uel
944 3364 1079 3418 affirmari
1095 3366 1196 3436 possit,
1215 3371 1244 3420 et
1264 3365 1293 3418 in
1308 3365 1399 3418 homi·

296 3450 361 3492 nem
378 3440 490 3491 tantum
507 3437 599 3505 eadit3
616 3438 647 3490 in
665 3452 698 3491 ea
715 3441 812 3490 autem
828 3437 1007 3508 intellegitur
1023 3452 1125 3490 nomen
1143 3438 1339 3490 etiamsinon
1357 3435 1398 3489 di·

293 3512 386 3573 catnr,
404 3512 439 3562 ut
459 3507 589 3577 ‘disputo'
607 3512 703 3564 totum
721 3509 900 3578 plenumst,
915 3510 1038 3562 etiamsi
1055 3525 1112 3564 non
1129 3508 1209 3562 dicas
1227 3509 1307 3578 ‘ego’.
1328 3506 1399 3561 item

299 3581 422 3635 secunda
438 3591 560 3650 persona
581 3584 610 3634 et
627 3581 689 3650 ipsa
706 3581 762 3634 iam
779 3579 898 3634 ueritati
917 3584 969 3634 :aut
992 3577 1112 3634 falsitati
1126 3579 1250 3634 obnoxia
1272 3581 1327 3644 est,
1347 3579 1399 3633 sed

297 3651 383 3707 etiam
399 3653 462 3722 ipsa
483 3652 513 3705 in
531 3651 673 3706 hominem
692 3652 777 3716 eadit,
799 3655 828 3705 et
849 3654 876 3704 ei
893 3669 946 3706 nec
957 3655 1035 3706 reete
1054 3652 1172 3706 dicimus
1183 3651 1336 3720 ‘disputas’‚
1348 3651 1398 3719 qui

297 3740 350 3778 nec
369 3725 467 3777 audire
486 3740 538 3777 nec
559 3724 726 3794 intellegere
748 3723 824 3792 quod
842 3723 947 3776 dicitur
971 3726 1076 3792 potest.
1112 3740 1181 3794 ergo
1205 3727 1234 3776 et
1257 3722 1310 3776 hoe
1333 3739 1399 3776 cum

298 3795 410 3848 dicatur
428 3795 488 3849 sine
505 3795 626 3860 nomine,
654 3799 749 3850 tamen
774 3795 815 3849 ibi
831 3811 934 3848 nornen
955 3794 1140 3864 intellegitur.
1172 3793 1259 3848 aliter
1276 3791 1398 3864 figurate

297 3868 404 3922 utimur
419 3867 481 3922 siue
497 3867 591 3937 prime
610 3867 669 3922 siue
688 3867 811 3922 seeundo
827 3883 957 3936 persona,
976 3871 1009 3920 ut
1024 3871 1078 3920 ‹ent
1095 3866 1257 3935 loquentem
1273 3879 1340 3921 eum
1357 3867 1398 3920 tn·

295 3939 391 4004 ducas,
405 3939 453 4008 qui
471 3939 549 4009 loqui
566 3956 624 3994 nou
633 3941 738 4008 potest,
757 3941 807 3992 aut-
824 3938 861 3994 ad
879 3955 942 3992 eum
960 3942 1157 3994 conuertamus
1177 3938 1336 3992 orationem
1348 3935 1397 4006 qui

295 4028 387 4082 neque
409 4010 507 4068 audire
524 4027 616 4080 neque
634 4009 801 4080 intellegere
819 4012 923 4080 potest.
941 4008 1029 4064 tertia
1048 4026 1117 4064 uero
1134 4027 1257 4082 persona
1274 4025 1332 4063 non
1348 4001 1397 4061 ho·

397 4219 436 4276 10
459 4230 549 4295 quum
565 4217 597 4278 o
614 4219 629 4289 Η
648 4219 710 4276 sint
733 4216 762 4276 P
782 4217 798 4288 ll
815 4217 942 4277 oenone
965 4217 991 4279 0
1008 4218 1023 4287 Η
1043 4221 1083 4278 ld
1102 4215 1155 4276 uel
1176 4220 1274 4294 ningit
1295 4214 1327 4278 Β
1347 4219 1397 4278 ud

290 4304 419 4377 'ningnet
433 4303 464 4361 D
481 4305 539 4360 aue
556 4303 677 4378 ninguit
691 4299 745 4369 Pu
759 4303 847 4363 etiam
870 4304 895 4362 si
917 4321 976 4360 non
993 4303 1125 4363 addetur
1144 4304 1215 4381 quis
1232 4301 1323 4382 pluat
1333 4307 1396 4363 utut

294 4387 419 4460 ninguat
439 4404 494 4446 ona
518 4385 548 4445 B
561 4385 576 4456 ll
590 4386 686 4464 pluiet
706 4387 811 4460 01114
832 4378 915 4448 niiari
936 4387 968 4446 B
980 4381 996 4472 ΙΙ
